%%%%%%%%%%%%%%%%%%%%%%%%%%%%%%%%%
%% Processor Architecture                
%%%%%%%%%%%%%%%%%%%%%%%%%%%%%%%%%


@inproceedings{kunle96cmp,
  author    = {Kunle Olukotun and
               Basem A. Nayfeh and
               Lance Hammond and
               Kenneth G. Wilson and
               Kunyung Chang},
  title     = {The Case for a Single-Chip Multiprocessor},
  booktitle = {ASPLOS '96},
  bibsource = {DBLP, http://dblp.uni-trier.de}
}


@article{sih93compile,
 author = {Sih, G. C. and Lee, E. A.},
 title = {A Compile-Time Scheduling Heuristic for Interconnection-Constrained Heterogeneous Processor Architectures},
 journal = {IEEE Trans. Parallel Distrib. Syst.},
 volume = {4},
 number = {2},
 year = {1993},
 issn = {1045-9219},
 pages = {175--187},
 doi = {http://dx.doi.org/10.1109/71.207593},
 publisher = {IEEE Press},
 address = {Piscataway, NJ, USA},
 }

@article{sutter05lunch,
  author = {Sutter, Herb},
  journal = {Dr. Dobb's Journal},
  number = {3},
  posted-at = {2006-12-01 16:12:35},
  title = {The Free Lunch Is Over: A Fundamental Turn Toward Concurrency in Software},
  volume = {30},
  year = {2005}
}

%%%%%%%%%%%%%%%%%%%%%%%%%%%%%%%%%
%% Java                
%%%%%%%%%%%%%%%%%%%%%%%%%%%%%%%%%

@misc{jsr133,
  key   = {{Java Specification Request (JSR) 133: Java Memory Model and Thread S
pecification}},
  title = {{\textit{Java Specification Request (JSR) 133: Java Memory Model and
Thread Specification}}},
  url   = {http://jcp.org/jsr/detail/133.jsp},
  day   = {30},
  month = {September},
  year  = {2004},
}


%%%%%%%%%%%%%%%%%%%%%%%%%%%%%%%%%
%% White Papers                
%%%%%%%%%%%%%%%%%%%%%%%%%%%%%%%%%

@MISC{intel-terascale,
  author = {Intel},
  title = {From a Few Cores to Many: A Tera-scale Computing Research Review. \url{http://download.intel.com/research/platform/terascale/terascale_overview_paper.pdf}}
}

@MISC{amd-fusion,
  author = {AMD},
  title = {The Industry-Changing Impact of Accelerated Computing.},
  howpublished = {\url{http://sites.amd.com/us/Documents/AMD_fusion_Whitepaper.pdf}}
}

@MISC{peakstream,
  author = {{PeakStream}},
  title = {The {PeakStream} platform: High productivity software development for multi-core processors. Technical report},
  year = {2006} 
}
%%%%%%%%%%%%%%%%%%%%%%%%%%%%%%%%%
%% Domain Specific Languages
%%%%%%%%%%%%%%%%%%%%%%%%%%%%%%%%%

@INPROCEEDINGS{bagge03design, 
title={Design of the CodeBoost transformation system for domain-specific optimisation of C++ programs}, 
author={Bagge, O.S. and Kalleberg, K.T. and Haveraaen, M. and Visser, E.}, 
booktitle={Source Code Analysis and Manipulation, 2003. Proceedings. Third IEEE International Workshop on}, 
year={2003}, 
month={Sept.}, 
volume={}, 
number={}, 
pages={ 65-74}, 
keywords={ C++ language, optimising compilers, software tools C++ program optimisation, CodeBoost transformation framework, Sophus code, Stratego program transformation language, abstract coding style, domain-specific optimization, parsing, program compiler, semantic analysis, source-to-source transformation tool, totem annotation, user-defined rewrite rules}, 
doi={}, 
ISSN={ }, }


@MISC{bruce97whatmakes,
    author = {David Bruce},
    title = {What makes a good domain-specific language? APOSTLE, and its approach to parallel discrete event simulation},
    year = {1997}
}

@article{deursen00domain,
 author = {van Deursen, Arie and Klint, Paul and Visser, Joost},
 title = {Domain-specific languages: an annotated bibliography},
 journal = {SIGPLAN Not.},
 volume = {35},
 number = {6},
 year = {2000},
 issn = {0362-1340},
 pages = {26--36},
 doi = {http://doi.acm.org/10.1145/352029.352035},
 publisher = {ACM},
 address = {New York, NY, USA},
 }

@INPROCEEDINGS{faith97khepera,
    author = {Rickard E. Faith and Lars S. Nyland and Jan F. Prins},
    title = {Khepera: A System for Rapid Implementation of Domain Specific Languages},
    booktitle = {In Proceedings USENIX Conference on Domain-Speci Languages},
    year = {1997},
    pages = {243--255}
}

@inproceedings{guyver99annotation,
 author = {Guyer, Samuel Z. and Lin, Calvin},
 title = {An annotation language for optimizing software libraries},
 booktitle = {PLAN '99: Proceedings of the 2nd conference on Domain-specific languages},
 year = {1999},
 isbn = {1-58113-255-7},
 pages = {39--52},
 location = {Austin, Texas, United States},
 doi = {http://doi.acm.org/10.1145/331960.331970},
 publisher = {ACM},
 address = {New York, NY, USA},
 }

@inproceedings{hoffer08polymorphic,
  author = {Hofer, Christian and Ostermann, Klaus and Rendel, Tillmann and Moors, Adriaan},
  booktitle = {GPCE '08: Proceedings of the 7th international conference on Generative programming and component engineering},
  title = {Polymorphic embedding of dsls},
  pages = {137--148},
  location = {Nashville, TN, USA},
  year = {2008}
}

@article{hudak96building,
 author = {Hudak, Paul},
 title = {Building domain-specific embedded languages},
 journal = {ACM Comput. Surv.},
 issn = {0360-0300},
 pages = {196},
 doi = {http://doi.acm.org/10.1145/242224.242477},
 publisher = {ACM},
 address = {New York, NY, USA},
 }

@Article{kennedy05telescoping,
  author = {Kennedy, Ken and Broom, Bradley and Chauhan, Arun and Fowler, Rob and Garvin, John and Koelbel, Charles and McCosh, Cheryl and Mellor-Crummey, John},
  title = {Telescoping Languages: A System for Automatic Generation of Domain Languages},
  year = {2005},
  URL = {http://ieeexplore.ieee.org/xpl/abs\\_free.jsp?arNumber=1386658},
  journal = {Proceedings of the IEEE},
  volume = {93},
  number = {3},
  pages = {387{\textendash}408},
  note = {This provides a current overview of the entire Telescoping Languages Project}
}


@inproceedings{menon99case,
 author = {Menon, Vijay and Pingali, Keshav},
 title = {A case for source-level transformations in MATLAB},
 booktitle = {PLAN '99: Proceedings of the 2nd conference on Domain-specific languages},
 year = {1999},
 isbn = {1-58113-255-7},
 pages = {53--65},
 location = {Austin, Texas, United States},
 doi = {http://doi.acm.org/10.1145/331960.331972},
 publisher = {ACM},
 address = {New York, NY, USA},
 }

@article{mernik05when-dsl,
 author = {Mernik, Marjan and Heering, Jan and Sloane, Anthony M.},
 title = {When and how to develop domain-specific languages},
 journal = {ACM Comput. Surv.},
 volume = {37},
 number = {4},
 year = {2005},
 issn = {0360-0300},
 pages = {316--344},
 doi = {http://doi.acm.org/10.1145/1118890.1118892},
 publisher = {ACM},
 address = {New York, NY, USA},
 }

%%%%%%%%%%%%%%%%%%%%%%%%%%%%%%%%%
%% Programming Languages
%%%%%%%%%%%%%%%%%%%%%%%%%%%%%%%%%


@book{lisp,
  author = {Guy L. Steele},
  title = {Common Lisp the Language},
  publisher = {Digital Press},
  year = {1984},
  address = {Billerica, MA}
}

@inproceedings{sml,
 author = {Gordon, M. and Milner, R. and Morris, L. and Newey, M. and Wadsworth, C.},
 title = {A Metalanguage for interactive proof in LCF},
 booktitle = {POPL '78: Proceedings of the 5th ACM SIGACT-SIGPLAN symposium on Principles of programming languages},
 year = {1978},
 pages = {119--130},
 location = {Tucson, Arizona},
 doi = {http://doi.acm.org/10.1145/512760.512773},
 publisher = {ACM},
 address = {New York, NY, USA},
}

@misc{haskell,
  author = "{Peyton Jones} [editor], Simon and Hughes [editor], John and Augustsson, Lennart and Barton, Dave and Boutel, Brian and Burton, Warren and Fraser, Simon and Fasel, Joseph and Hammond, Kevin and Hinze, Ralf and Hudak, Paul and Johnsson, Thomas and Jones, Mark and Launchbury, John and Meijer, Erik and Peterson, John and Reid, Alastair and Runciman, Colin and Wadler, Philip",
  editor = "{Peyton Jones}, Simon and Hughes, John",
  howpublished = "Available from \texttt{http://www.haskell.org/definition/}",
  month = "feb",
  title = "{Haskell}~98 --- {A} Non-strict, Purely Functional Language",
  year = "1999",
}


@book{arvind01implicit,
 title = {Implicit parallel programming in pH},
 author = {Rishiyur S. Nikhil and Arvind},
 year = {2001},
 isbn = {1-55860-644-0},
 publisher = {Morgan Kaufmann Publishers Inc.},
 address = {San Francisco, CA, USA},
}
%%%%%%%%%%%%%%%%%%%%%%%%%%%%%%%%%
%% GPUs
%%%%%%%%%%%%%%%%%%%%%%%%%%%%%%%%%


@inproceedings{mccool06performance,
 author = {McCool, Michael D. and Wadleigh, Kevin and Henderson, Brent and Lin, Hsin-Ying},
 title = {Performance evaluation of GPUs using the RapidMind development platform},
 booktitle = {SC '06: Proceedings of the 2006 ACM/IEEE conference on Supercomputing},
 year = {2006},
 isbn = {0-7695-2700-0},
 pages = {181},
 location = {Tampa, Florida},
 doi = {http://doi.acm.org/10.1145/1188455.1188642},
 publisher = {ACM},
 address = {New York, NY, USA},
 }

@inproceedings{tarditi06accelerator,
 author = {Tarditi, David and Puri, Sidd and Oglesby, Jose},
 title = {Accelerator: using data parallelism to program GPUs for general-purpose uses},
 booktitle = {ASPLOS-XII: Proceedings of the 12th international conference on Architectural support for programming languages and operating systems},
 year = {2006},
 isbn = {1-59593-451-0},
 pages = {325--335},
 location = {San Jose, California, USA},
 doi = {http://doi.acm.org/10.1145/1168857.1168898},
 publisher = {ACM},
 address = {New York, NY, USA},
 }


%%%%%%%%%%%%%%%%%%%%%%%%%%%%%%%%%
%% Stream programming
%%%%%%%%%%%%%%%%%%%%%%%%%%%%%%%%%

@article{gordon06exploiting,
 author = {Gordon, Michael I. and Thies, William and Amarasinghe, Saman},
 title = {Exploiting coarse-grained task, data, and pipeline parallelism in stream programs},
 journal = {SIGARCH Comput. Archit. News},
 volume = {34},
 number = {5},
 year = {2006},
 issn = {0163-5964},
 pages = {151--162},
 doi = {http://doi.acm.org/10.1145/1168919.1168877},
 publisher = {ACM},
 address = {New York, NY, USA},
 }


%%%%%%%%%%%%%%%%%%%%%%%%%%%%%%%%%
%% Data Structures
%%%%%%%%%%%%%%%%%%%%%%%%%%%%%%%%%

@inproceedings{adelson62avl,
 author = {Adel'son-Vel'ski\v{\i}, G. and E. M. Landis},
 year = {1962},
 title = {An Algorithm for the Organization of Information},
 booktitle = {Proceedings of the USSR Academy of Sciences},
 volume = {145},
 pages = {263-266},
 note = {In Russian, English translation by Myron J. Ricci in {Soviet Doklady}, 3:1259–-1263, 1962.}

}

@thesis{ballard06conflict,
 author = "Lucia Ballard",
 title = "Conflict Avoidance: Data Structures in Transactional Memory",
 howpublished = "Brown University Undergraduate Thesis",
 year = "2006"
}

@article{bloom70filters,
  author = 	 {B. Bloom},
  title = 	 {Space/Time Trade-Offs in Hash Coding with Allowable Errors},
  journal = 	 {Communications of ACM},
  year = 	 1970
}

@techreport{bouge98heightrelaxed,
    author = {Luc Boug\'e and Joaquim Gabarr\'o and Xavier Messeguer and Nicolas Schabanel},
    title = {Height-Relaxed {AVL} Rebalancing: A Unified, Fine-Grained Approach to Concurrent Dictionaries},
    year = {1998},
    month = {March},
    number = {RR1998-18},
    type = {ResearchReport},
    institution = {LIP, ENS Lyon}
}

@inproceedings{ellen07snzi,
 author = {Ellen, Faith and Lev, Yossi and Luchangco, Victor and Moir, Mark},
 title = {{SNZI}: Scalable NonZero Indicators},
 booktitle = {PODC '07: Proceedings of the Twenty-Sixth Annual ACM Symposium on Principles of Distributed Computing},
 year = {2007},
 isbn = {978-1-59593-616-5},
 pages = {13--22},
 location = {Portland, Oregon, USA},
 doi = {http://doi.acm.org/10.1145/1281100.1281106},
 publisher = {ACM},
 address = {New York, NY, USA},
}

@phdthesis{fraser04thesis,
 author = {Fraser, Keir},
 title = {Practical Lock Freedom},
 school = {University of Cambridge},
 year = {2003}
}

@inproceedings{guibas78dichromatic,
 title={A Dichromatic Framework for Balanced Trees},
 author={Guibas, Leo J. and Sedgewick, Robert},
 booktitle={19th Annual Symposium on Foundations of Computer Science},
 year={1978},
 month={Oct.},
 volume={},
 number={},
 pages={8-21},
 doi={10.1109/SFCS.1978.3},
 ISSN={0272-5428}, 
}

@inproceedings{herlihy06skiplist, 
  author = "M. Herlihy and Y. Lev and V. Luchangco and N. Shavit",
  title = "A Provably Correct Scalable Concurrent Skip List",
  booktitle = "OPODIS '06: Proceedings of the 10th International Conference On Principles Of Distributed Systems",
  site = "Bordeaux, France",
  year = 2006
} 

@inproceedings{larsen94avl,
 author = {Larsen, Kim S.},
 title = {{AVL} Trees with Relaxed Balance},
 booktitle = {IPPT '94: Proceedings of the 8th International Symposium on Parallel Processing},
 year = {1994},
 isbn = {0-8186-5602-6},
 pages = {888--893},
 publisher = {IEEE Computer Society},
 address = {Washington, DC, USA},
}

@techreport{larsen97relaxed,
 author = {Larsen, Kim S. and Soisalon-Soininen, Eljas and Widmayer, Peter},
 title = {Relaxed Balance through Standard Rotations},
 year = {1997},
 source = {http://www.ncstrl.org:8900/ncstrl/servlet/search?formname=detail\&id=oai%3Ancstrlh%3Aoudk_imada%3Ancstrl.oudk_imada%2F%2FPP-1997-15},
 publisher = {University of Southern Denmark},
 }

@article{larsen00relaxed,
 author = {Larsen, Kim S.},
 title = {{AVL} Trees with Relaxed Balance},
 journal = {J. Comput. Syst. Sci.},
 volume = {61},
 number = {3},
 year = {2000},
 issn = {0022-0000},
 pages = {508--522},
 doi = {http://dx.doi.org/10.1006/jcss.2000.1705},
 publisher = {Academic Press, Inc.},
 address = {Orlando, FL, USA},
}

@inproceedings{nurmi87concurrency,
 author = {Nurmi, O. and Soisalon-Soininen, E. and Wood, D.},
 title = {Concurrency Control in Database Structures with Relaxed Balance},
 booktitle = {PODS '87: Proceedings of the Sixth ACM SIGACT-SIGMOD-SIGART Symposium on Principles of Database Systems},
 year = {1987},
 isbn = {0-89791-223-3},
 pages = {170--176},
 location = {San Diego, California, United States},
 doi = {http://doi.acm.org/10.1145/28659.28677},
 publisher = {ACM},
 address = {New York, NY, USA},
}

@article{pugh90skiplists,
  author = {William Pugh},
  title = {Skip Lists: A Probabilistic Alternative to Balanced Trees},
  journal = {ACM Transactions on Database Systems},
  volume = {33},
  number = {6},
  year = {1990},
  pages = {668-676}
}

@techreport{ pugh89concurrent,
  author = "William Pugh",
  title = "Concurrent Maintenance of Skip Lists",
  number = "CS-TR-2222.1",
  year = "1989",
  publisher = {Institute for Advanced Computer Studies, Department of Computer Science, University of Maryland}
}

@article{bayer72rb,
  author    = {Rudolf Bayer},
  title     = {Symmetric Binary {B--Trees}: Data Structure and Maintenance Algorithms},
  journal   = {Acta Inf.},
  volume    = {1},
  year      = {1972},
  pages     = {290-306},
  bibsource = {DBLP, http://dblp.uni-trier.de}
}

@article{pfaff04perf,
  author = {Ben Pfaff},
  title = {Performance Analysis of {BSTs} in System Software},
  journal = {SIGMETRICS Performance Evaluation Review},
  volume = {32},
  number = {1},
  year = {2004},
  issn = {0163-5999},
  pages = {410--411},
  doi = {http://doi.acm.org/10.1145/1012888.1005742},
  publisher = {ACM},
  address = {New York, NY, USA},
}

@article{sundell05pqueue,
  author = {Sundell, H{\aa}kan and Tsigas, Philippas},
  title = {Fast and Lock-free Concurrent Priority Queues for Multi-thread Systems},
  journal = {Journal of Parallel Distributed Computing},
  volume = {65},
  number = {5},
  year = {2005},
  issn = {0743-7315},
  pages = {609--627},
  doi = {http://dx.doi.org/10.1016/j.jpdc.2004.12.005},
  publisher = {Academic Press, Inc.},
  address = {Orlando, FL, USA},
}

@inproceedings{bronson10snap,
  author = {Nathan Bronson and Jared Casper and Hassan Chafi and Kunle Olukotun},
  title = {A Practical Concurrent Binary Search Tree},
  booktitle = {PPOPP '10: Proceedings of the 15th ACM SIGPLAN Symposium on Principles and Practice of Parallel Programming},
  year = {2010},
  location = {Bangalore, India},
  publisher = {ACM},
}
%%  address = {New York, NY, USA},

%%%%%%%%%%%%%%%%%%%%%%%%%%%%%%%%%
%% Concurrency Control
%%%%%%%%%%%%%%%%%%%%%%%%%%%%%%%%%

@inproceedings{crummey91scalable,
 author = {Mellor-Crummey, John M. and Scott, Michael L.},
 title = {Scalable Reader-Writer Synchronization for Shared-Memory Multiprocessors},
 booktitle = {PPOPP '91: Proceedings of the Third ACM SIGPLAN Symposium on Principles and Practice of Parallel Programming},
 year = {1991},
 isbn = {0-89791-390-6},
 pages = {106--113},
 location = {Williamsburg, Virginia, United States},
 doi = {http://doi.acm.org/10.1145/109625.109637},
 publisher = {ACM},
 address = {New York, NY, USA},
 }

@article{herlihy90lineariz,
 author = {Herlihy, Maurice P. and Wing, Jeannette M.},
 title = {Linearizability: A Correctness Condition for Concurrent Objects},
 journal = {ACM Transactions on Programming Languages and Systems},
 volume = {12},
 number = {3},
 year = {1990},
 issn = {0164-0925},
 pages = {463--492},
 doi = {http://doi.acm.org/10.1145/78969.78972},
 publisher = {ACM},
 address = {New York, NY, USA},
}

@article{lamport78clocks,
 author = {Lamport, Leslie},
 title = {Time, clocks, and the ordering of events in a distributed system},
 journal = {Commun. ACM},
 volume = {21},
 number = {7},
 year = {1978},
 issn = {0001-0782},
 pages = {558--565},
 doi = {http://doi.acm.org/10.1145/359545.359563},
 }


%%%%%%%%%%%%%%%%%%%%%%%%%%%%%%%%%
%% Database and transactions
%%%%%%%%%%%%%%%%%%%%%%%%%%%%%%%%%

@inproceedings{bayer94concurrency,
 author = {Bayer, R. and Schkolnick, M.},
 title = {Concurrency of Operations on {B--Trees}},
 booktitle = {Readings in Database Systems (2nd ed.)},
 year = {1994},
 isbn = {1-55860-252-6},
 pages = {216--226},
 publisher = {Morgan Kaufmann Publishers Inc.},
 address = {San Francisco, CA, USA},
}

@inproceedings{meijer06linq,
 author = {Meijer, Erik and Beckman, Brian and Bierman, Gavin},
 title = {LINQ: Reconciling Object, Relations and XML in the .NET framework},
 booktitle = {SIGMOD '06: Proceedings of the 2006 ACM SIGMOD International Conference on Management of Data},
 year = {2006},
 isbn = {1-59593-434-0},
 pages = {706--706},
 location = {Chicago, IL, USA},
 doi = {http://doi.acm.org/10.1145/1142473.1142552},
 publisher = {ACM},
 address = {New York, NY, USA},
 }

%%%%%%%%%%%%%%%%%%%%%%%%%%%%%%%%%
%% Heterogeneous Programming Models
%%%%%%%%%%%%%%%%%%%%%%%%%%%%%%%%%

@misc{cuda,
  author = {NVIDIA},
  title = {CUDA},
  howpublished = {\url{http://developer.nvidia.com/object/cuda.html}}
}

@inproceedings{diamos08harmony,
 author = {Diamos, Gregory F. and Yalamanchili, Sudhakar},
 title = {Harmony: an execution model and runtime for heterogeneous many core systems},
 booktitle = {HPDC '08: Proceedings of the 17th international symposium on High performance distributed computing},
 year = {2008},
 isbn = {978-1-59593-997-5},
 pages = {197--200},
 location = {Boston, MA, USA},
 doi = {http://doi.acm.org/10.1145/1383422.1383447},
 publisher = {ACM},
 address = {New York, NY, USA},
 }



%% booktitle = {ASPLOS '08: Proceedings of the 13th international conference on Architectural support for programming languages and operating systems},

@inproceedings{linderman08merge,
 author = {Linderman, Michael D. and Collins, Jamison D. and Wang, Hong and Meng, Teresa H.},
 title = {Merge: a programming model for heterogeneous multi-core systems},
 booktitle = {ASPLOS '08},
 year = {2008},
 isbn = {978-1-59593-958-6},
 location = {Seattle, WA, USA},
 doi = {http://doi.acm.org/10.1145/1346281.1346318},
 publisher = {ACM},
 address = {New York, NY, USA},
}

@inproceedings{wang07exochi,
 author = {Wang, Perry H. and Collins, Jamison D. and Chinya, Gautham N. and Jiang, Hong and Tian, Xinmin and Girkar, Milind and Yang, Nick Y. and Lueh, Guei-Yuan and Wang, Hong},
 title = {EXOCHI: architecture and programming environment for a heterogeneous multi-core multithreaded system},
 booktitle = {PLDI '07: Proceedings of the 2007 ACM SIGPLAN conference on Programming language design and implementation},
 year = {2007},
 isbn = {978-1-59593-633-2},
 pages = {156--166},
 location = {San Diego, California, USA},
 doi = {http://doi.acm.org/10.1145/1250734.1250753},
 publisher = {ACM},
 address = {New York, NY, USA},
}

@MISC{opencl,
  author = {{The Khronos Group}},
  title = {{OpenCL 1.0}},
  howpublished= {\url{http://www.khronos.org/opencl/}}
}


%%%%%%%%%%%%%%%%%%%%%%%%%%%%%%%%%%%%
%% Explicitly Parallel Languages  %%
%%%%%%%%%%%%%%%%%%%%%%%%%%%%%%%%%%%%





@article{chapel,
 author = {Chamberlain, B.L. and Callahan, D. and Zima, H.P.},
 title = {Parallel Programmability and the Chapel Language},
 journal = {Int. J. High Perform. Comput. Appl.},
 volume = {21},
 number = {3},
 year = {2007},
 issn = {1094-3420},
 pages = {291--312},
 doi = {http://dx.doi.org/10.1177/1094342007078442},
 publisher = {Sage Publications, Inc.},
 address = {Thousand Oaks, CA, USA},
 }

@inproceedings{cilk,
 author = {Blumofe, Robert D. and Joerg, Christopher F. and Kuszmaul, Bradley C. and Leiserson, Charles E. and Randall, Keith H. and Zhou, Yuli},
 title = {Cilk: an efficient multithreaded runtime system},
 booktitle = {PPOPP '95: Proceedings of the fifth ACM SIGPLAN symposium on Principles and practice of parallel programming},
 year = {1995},
 isbn = {0-89791-701-6},
 pages = {207--216},
 location = {Santa Barbara, California, United States},
 doi = {http://doi.acm.org/10.1145/209936.209958},
 publisher = {ACM},
 address = {New York, NY, USA},
 }

@article{parallel-haskell,
 author = {Trinder, P. W. and Loidl, H.-W. and Pointon, R. F.},
 title = {Parallel and Distributed Haskells},
 journal = {J. Funct. Program.},
 volume = {12},
 number = {5},
 year = {2002},
 issn = {0956-7968},
 pages = {469--510},
 doi = {http://dx.doi.org/10.1017/S0956796802004343},
 publisher = {Cambridge University Press},
 address = {New York, NY, USA},
 }

@ARTICLE{brook,
    author = {Ian Buck and Tim Foley and Daniel Horn and Jeremy Sugerman and Kayvon Fatahalian and Mike Houston and Pat Hanrahan},
    title = {Brook for GPUs: Stream Computing on Graphics Hardware},
    journal = {ACM TRANSACTIONS ON GRAPHICS},
    year = {2004},
    volume = {23},
    pages = {777--786}
}

@misc{hpf,
  title = {{High Performance Fortran}},
  howpublished = {\url{http://hpff.rice.edu/index.htm}}
}

@misc{scala,
  title = {Scala},
  howpublished = {\url{http://www.scala-lang.org}}
}

@article{nesl,
 author = {Blelloch, Guy E.},
 title = {Programming parallel algorithms},
 journal = {Commun. ACM},
 volume = {39},
 number = {3},
 year = {1996},
 issn = {0001-0782},
 pages = {85--97},
 doi = {http://doi.acm.org/10.1145/227234.227246},
 publisher = {ACM},
 address = {New York, NY, USA},
 }

@misc{ct,
  author = {Intel},
  title = {Ct}, 
  howpublished = {http://software.intel.com/en-us/data-parallel/}
}

@article{x10,
 author = {Charles, Philippe and Grothoff, Christian and Saraswat, Vijay and Donawa, Christopher and Kielstra, Allan and Ebcioglu, Kemal and von Praun, Christoph and Sarkar, Vivek},
 title = {X10: an object-oriented approach to non-uniform cluster computing},
 journal = {SIGPLAN Not.},
 volume = {40},
 number = {10},
 year = {2005},
 issn = {0362-1340},
 pages = {519--538},
 doi = {http://doi.acm.org/10.1145/1103845.1094852},
 publisher = {ACM},
 address = {New York, NY, USA},
 }





%%%%%%%%%%%%%%%%%%%%%%%%%%%%%%%%%
%% Parallel Languages          %%
%%%%%%%%%%%%%%%%%%%%%%%%%%%%%%%%%

@inproceedings{storagereuse,
 author = {Li, Zhonghua and Kirkham, Chris C.},
 title = {Efficient Storage Reuse of Aggregates in Single Assignment Languages},
 booktitle = {CC '96: Proceedings of the 6th International Conference on Compiler Construction},
 year = {1996},
 isbn = {3-540-61053-7},
 pages = {238--252},
 publisher = {Springer-Verlag},
 address = {London, UK},
}

%%%%%%%%%%%%%%%%%%%%%%%%%%%%%%%%%
%% Task Scheduling             %%
%%%%%%%%%%%%%%%%%%%%%%%%%%%%%%%%%

@book{darte00scheduling,
  author = {A. Darte and Y. Robert and F. Vivien},
  title = {Scheduling and Automatic Parallelization},
  publisher = {Brinkh\"{a}user},
  year = {2000},
  location = {Boston, USA.}  
}

@book{el-rewini94task,
 author = {El-Rewini, Hesham and Lewis, Theodore G. and Ali, Hesham H.},
 title = {Task scheduling in parallel and distributed systems},
 year = {1994},
 isbn = {0-13-099235-6},
 publisher = {Prentice-Hall, Inc.},
 address = {Upper Saddle River, NJ, USA},
 }

@book{garey79computers,
  author = {M. R. Garey and D. S. Johnson},
  title = {Computers and Intractability: A guide to the theory of NP-Completeness},
  publisher = {Freeman},
  year = {1979}
}

@article{kwok99static,
 author = {Kwok, Yu-Kwong and Ahmad, Ishfaq},
 title = {Static scheduling algorithms for allocating directed task graphs to multiprocessors},
 journal = {ACM Comput. Surv.},
 volume = {31},
 number = {4},
 year = {1999},
 issn = {0360-0300},
 pages = {406--471},
 doi = {http://doi.acm.org/10.1145/344588.344618},
 publisher = {ACM},
 address = {New York, NY, USA},
}

@article{sinnen06towards, 
title={Toward a realistic task scheduling model}, 
author={Sinnen, O. and Sousa, L.A. and Sandnes, F.E.}, 
journal={Parallel and Distributed Systems, IEEE Transactions on}, 
year={2006}, 
month={March}, 
volume={17}, 
number={3}, 
pages={ 263-275}, 
keywords={ directed graphs, genetic algorithms, parallel programming, processor scheduling NP-hard problem, directed acyclic graph, genetic algorithms, parallel programming, real parallel systems, scheduling algorithms, task scheduling model}, 
doi={10.1109/TPDS.2006.40}, 
ISSN={1045-9219}, }

@book{sinnen07task,
  author = {Oliver Sinnen},
  title = {Task Scheduling For Parallel Systems},
  publisher = {Wiley {Inter-Science}},
  year = {2007},
  series = {Parallel and Distributed Computing}
}





%%%%%%%%%%%%%%%%%%%%%%%%%%%%%%%%%
%% Data Parallel             %%
%%%%%%%%%%%%%%%%%%%%%%%%%%%%%%%%%

@inproceedings{isard09distributed,
 author = {Isard, Michael and Yu, Yuan},
 title = {Distributed data-parallel computing using a high-level programming language},
 booktitle = {SIGMOD '09: Proceedings of the 35th SIGMOD international conference on Management of data},
 year = {2009},
 isbn = {978-1-60558-551-2},
 pages = {987--994},
 location = {Providence, Rhode Island, USA},
 doi = {http://doi.acm.org/10.1145/1559845.1559962},
 publisher = {ACM},
 address = {New York, NY, USA},
 }

@inproceedings{isard07dryad,
 author = {Isard, Michael and Budiu, Mihai and Yu, Yuan and Birrell, Andrew and Fetterly, Dennis},
 title = {Dryad: distributed data-parallel programs from sequential building blocks},
 booktitle = {EuroSys '07: Proceedings of the 2nd ACM SIGOPS/EuroSys European Conference on Computer Systems 2007},
 year = {2007},
 isbn = {978-1-59593-636-3},
 pages = {59--72},
 location = {Lisbon, Portugal},
 doi = {http://doi.acm.org/10.1145/1272996.1273005},
 publisher = {ACM},
 address = {New York, NY, USA},
 }


%%%%%%%%%%%%%%%%%%%%%%%%%%%%%%%%%
%% Transactional Memory papers %%
%%%%%%%%%%%%%%%%%%%%%%%%%%%%%%%%%

@inproceedings{adl06compiler,
 author = {Ali-Reza Adl-Tabatabai and Brian Lewis and Vijay Menon and Brian R. Murphy and Bratin Saha and
Tatiana Shpeisman},
 title = {Compiler and Runtime Support for Efficient Software Transactional Memory},
 booktitle = {PLDI '06: Proceedings of the 2006 ACM SIGPLAN Conference on Programming Language Design and Implementation},
 location = {Ottawa, Ontario, Canada},
 year = 2006,
 publisher = {ACM Press},
 address = {New York, NY, USA},
}

@inproceedings{ansari09contention,
 author = {Mohammad Ansari and Christos Kotselidis and Mikel Lujan and Chris Kirkham and Ian Watson},
 title = {On the Performance of Contention Managers for Complex Transactional Memory Benchmarks},
 booktitle = {ISPDC '09: Proceedings of the 8th International Symposium on Parallel and Distributed Computing},
 pages = {83--90},
 location = {Lisbon, Portugal},
 year = {2009}
}

@inproceedings{baek07opentm,
 author = {Woongki Baek and Cao Minh, Chi and Martin Trautmann and Christos Kozyrakis and Kunle Olukotun},
 title = {The {OpenTM} Transactional Application Programming Interface},
 booktitle = {PACT '07: Proceedings of the 16th International Conference on Parallel Architecture and Compilation Techniques},
 year = {2007},
 isbn = {0-7695-2944-5},
 pages = {376--387},
 doi = {http://dx.doi.org/10.1109/PACT.2007.74},
 publisher = {IEEE Computer Society},
 address = {Washington, DC, USA},
 }

@incollection{bobba07pathologies,
	author	= {Bobba, Jayaram and Moore, Kevin E. and Yen, Luke and Volos, Haris and Hill, Mark D. and Swift, Michael M. and Wood, David A.},
	title		= {Performance Pathologies in Hardware Transactional Memory},
	booktitle	= {Proceedings of the 34th Annual International Symposium on Computer Architecture},
	month		= {June},
	year		= {2007},
	urlpage	= {http://doi.acm.org/10.1145/1250662.1250674},
	pdf		= {http://www.cs.wisc.edu/multifacet/papers/isca07_pathologies.pdf}
}

@inproceedings{bobba08tokentm,
 title={TokenTM: Efficient Execution of Large Transactions with Hardware Transactional Memory},
 author={Bobba, J. and Goyal, N. and Hill, M.D. and Swift, M.M. and Wood, D.A.},
 booktitle={Computer Architecture, 2008. ISCA '08. 35th International Symposium on},
 year={2008},
 month={June},
 volume={},
 number={},
 pages={127-138},
 keywords={paged storage, parallel programming, shared memory systems, transaction processingI/O operations, System-V-style shared memory, TokenTM unbounded HTM, concurrent large transaction execution, context switching, fast token release, hardware transactional memory systems, metastate fission, metastate fusion, page handling, parallel programming},
 doi={10.1109/ISCA.2008.24},
 ISSN={1063-6897}, 
}


@inproceedings{blundell07onetm,
  author = {Colin Blundell and Joe Devietti and E. Christopher Lewis and Milo M. K. Martin},
  title = {Making the fast case common and the uncommon case simple in unbounded transactional memory},
  booktitle = {ISCA '07: Proceedings of the 34th annual international symposium on Computer architecture},
  year = {2007},
  isbn = {978-1-59593-706-3},
  pages = {24--34},
  location = {San Diego, California, USA},
  doi = {http://doi.acm.org/10.1145/1250662.1250667},
  publisher = {ACM},
  address = {New York, NY, USA},
}

@inproceedings{bratin06hastm,
 author = {Bratin Saha and {Ali-Reza} {Adl-Tabatabai} and Quinn Jacobson},
 title = {Architectural Support for Software Transactional Memory},
 booktitle = {MICRO '06: Proceedings of the International Symposium on Microarchitecture},
 year = 2006
}

@inproceedings{caominh07sigtm,
	author	= {Cao Minh, Chi and Trautmann, Martin and Chung, JaeWoong and McDonald, Austen and Bronson, Nathan and Casper, Jared and Kozyrakis, Christos and Olukotun, Kunle},
	title		= {An Effective Hybrid Transactional Memory System with Strong Isolation Guarantees},
	booktitle	= {Proceedings of the 34th Annual International Symposium on Computer Architecture},
	month		= {June},
	year		= {2007}
}

@inproceedings{caominh08stamp,
    title     = {{STAMP}: Stanford Transactional Applications for Multi-Processing},
    author    = {Cao Minh, Chi and Chung, JaeWoong and Kozyrakis, Christos and Olukotun, Kunle},
    booktitle = {IISWC '08: Proceedings of The IEEE International Symposium on Workload Characterization},
    year      = {2008},
    month     = {September}
}
@MISC{stamp,
 key          = {STAMP},
 title        = {{STAMP}: Stanford Transactional Applications for Multi-Processing},
 howpublished = "\url{http://stamp.stanford.edu}"
}

@article{cascaval08toy,
 author = {Cascaval, Calin and Blundell, Colin and Michael, Maged and Cain, Harold W. and Wu, Peng and Chiras, Stefanie and Chatterjee, Siddhartha},
 title = {Software Transactional Memory: Why Is It Only a Research Toy?},
 journal = {Queue},
 volume = {6},
 number = {5},
 year = {2008},
 issn = {1542-7730},
 pages = {46--58},
 doi = {http://doi.acm.org/10.1145/1454456.1454466},
 publisher = {ACM},
 address = {New York, NY, USA},
 }


@inproceedings{ceze07bulksc,
 author = {Luis Ceze and James Tuck and Pablo Montesinos and Josep Torrellas},
 title = {Bulk{SC}: bulk enforcement of sequential consistency},
 booktitle = {ISCA '07: Proceedings of the 34th annual international symposium on Computer architecture},
 year = {2007},
 isbn = {978-1-59593-706-3},
 pages = {278--289},
 location = {San Diego, California, USA},
 doi = {http://doi.acm.org/10.1145/1250662.1250697},
 publisher = {ACM Press},
 address = {New York, NY, USA},
}

@inproceedings{chafi07scalable,
 author = {Hassan Chafi and Jared Casper and Brian D. Carlstrom and Austen McDonald and Cao Minh, Chi and Woongki Baek and Christos Kozyrakis and Kunle Olukotun},
 title = {A Scalable, Non-blocking Approach to Transactional Memory},
 booktitle = {HPCA '07: Proceedings of the 2007 IEEE 13th International Symposium on High Performance Computer Architecture},
 year = {2007},
 isbn = {1-4244-0804-0},
 pages = {97--108},
 doi = {http://dx.doi.org/10.1109/HPCA.2007.346189},
 publisher = {IEEE Computer Society},
 address = {Washington, DC, USA},
 }

@inproceedings{dice06tl2,
 author    = {Dave Dice and Ori Shalev and Nir Shavit},
 title     = {Transactional Locking {II}},
 booktitle = {DISC '06: Proceedings of the 20th International Symposium on Distributed Computing},
 year      = {2006},
 location  = {Stockholm, Sweden},
 month     = {March}
}

@inproceedings{dice09rock,
  author	= {Dice, Dave and Lev, Yossi and Moir, Mark and Nussbaum, Daniel},
  title		= {Early experience with a commercial hardware transactional memory implementation},
  booktitle	= {ASPLOS~'09: Proceeding of the 14th international conference on Architectural support for programming languages and operating systems},
  year		= {2009},
  month		= {mar},
  pages		= {157--168},
  urlpage	= {http://doi.acm.org/10.1145/1508284.1508263},
  publisher	= {ACM},
}

@techreport{ennals06software,
    author = {Robert Ennals and Robert Ennals},
    title = {Software transactional memory should not be obstruction-free},
    institution = {},
    year = {2006}
}

@inproceedings{grossman06src-to-src,
 author = {Hindman, Benjamin and Grossman, Dan},
 title = {Atomicity via source-to-source translation},
 booktitle = {MSPC '06: Proceedings of the 2006 workshop on Memory system performance and correctness},
 year = {2006},
 isbn = {1-59593-578-9},
 pages = {82--91},
 location = {San Jose, California},
 doi = {http://doi.acm.org/10.1145/1178597.1178611},
 publisher = {ACM},
 address = {New York, NY, USA},
 }

@inproceedings{hammond04transactional,
 author = "Lance Hammond and Vicky Wong and Mike Chen and Brian D. Carlstrom and John D. Davis and Ben Hertzberg and Manohar K. Prabhu and Honggo Wijaya and Christos Kozyrakis and Kunle Olukotun",
 title = "Transactional Memory Coherence and Consistency",
 booktitle = "Proceedings of the 31st International Symposium on Computer Architecture",
 month = "June",
 year = "2004",
 pages = "102--113",
}

@inproceedings{harris03language,
 author    = {Tim Harris and Keir Fraser},
 title     = {Language support for lightweight transactions},
 booktitle = {OOPSLA '03: Proceedings of the 18th annual ACM SIGPLAN conference on Object-oriented programing, systems, languages, and applications},
 year      = {2003},
 isbn      = {1-58113-712-5},
 pages     = {388--402},
 location  = {Anaheim, California, USA},
 doi       = {http://doi.acm.org/10.1145/949305.949340},
 publisher = {ACM Press},
}

@inproceedings{harris07abstract,
  author	= {Harris, Tim and Stipic, Srdjan},
  title		= {Abstract Nested Transactions},
  booktitle	= {TRANSACT~'07: 2nd Workshop on Transactional Computing},
  urlpage	= {http://hdl.handle.net/1802/4412},
  pdf		= {http://www.cs.rochester.edu/meetings/TRANSACT07/papers/harris.pdf},
  year		= {2007},
  month		= {aug},
}

@inproceedings{herlihy93transactional,
 author = "Maurice Herlihy and J. Eliot B. Moss",
 title = "Transactional Memory: Architectural Support for Lock-Free Data Structures",
 booktitle = "Proceedings of the 20th International Symposium on Computer Architecture",
 year = "1993",
 pages = "289--300",
}

@inproceedings{herlihy03software,
 author = {Herlihy, Maurice and Luchangco, Victor and Moir, Mark and Scherer,III, William N.},
 title = {Software transactional memory for dynamic-sized data structures},
 booktitle = {PODC '03: Proceedings of the twenty-second annual symposium on Principles of distributed computing},
 year = {2003},
 isbn = {1-58113-708-7},
 pages = {92--101},
 location = {Boston, Massachusetts},
 doi = {http://doi.acm.org/10.1145/872035.872048},
 publisher = {ACM},
 address = {New York, NY, USA},
 }

@inproceedings{hoffman09maximum,
  author	= {Hofmann, Owen S. and Rossbach, Christopher J. and Witchel, Emmett},
  title		= {Maximum benefit from a minimal {HTM}},
  booktitle	= {ASPLOS '09: Proceeding of the 14th international conference on Architectural support for programming languages and operating systems},
  year		= {2009},
  month		= {mar},
  pages		= {145--156},
  urlpage	= {http://doi.acm.org/10.1145/1508244.1508262},
  publisher	= {ACM},
}

@inproceedings{koskinen09concurrent,
  author	= {Koskinen, Eric and Herlihy, Maurice},
  title		= {Concurrent Non-commutative Boosted Transactions},
  booktitle	= {TRANSACT~'09: 4th Workshop on Transactional Computing},
  year		= {2009},
  month		= {feb},
}

@inproceedings{kulkarni07optimistic,
 author = {Kulkarni, Milind and Pingali, Keshav and Walter, Bruce and Ramanarayanan, Ganesh and Bala, Kavita and Chew, L. Paul},
 title = {Optimistic parallelism requires abstractions},
 booktitle = {PLDI '07: Proceedings of the 2007 ACM SIGPLAN conference on Programming language design and implementation},
 year = {2007},
 isbn = {978-1-59593-633-2},
 pages = {211--222},
 location = {San Diego, California, USA},
 doi = {http://doi.acm.org/10.1145/1250734.1250759},
 publisher = {ACM},
 address = {New York, NY, USA},
 }

@Book{larus06tm,
  author    = {Jim Larus and Ravi Rajwar},
  title     = {Transactional Memory},
  publisher = {Morgan Claypool Synthesis Series},
  year      = 2006,
  doi       = {http://dx.doi.org/10.2200/S00070ED1V01Y200611CAC002},
}

@inproceedings{marathe05adaptive,
 author = {Marathe, Virendra J. and Scherer III, William N. and Scott, Michael L.},
 title = {{Adaptive Software Transactional Memory}},
 booktitle = {19th International Symposium on Distributed Computing },
 year = {2005},
 month = {September},
}

@inproceedings{moir06hybrid,
 author    = {Peter Damron and Alexandra Fedorova and Yossi Lev and Victor Luchangco and Mark Moir and Dan Nussbaum},
 title     = {Hybrid Transactional Memory},
 booktitle = {ASPLOS-XII: Proceedings of the 12th international conference on Architectural support for programming languages and operating systems},
 month     = {October},
 year      = {2006}
}

@inproceedings{olszewski07judostm,
 author = {Marek Olszewski and Jeremy Cutler and J. Gregory Steffan},
 title = {Judo{STM}: A Dynamic Binary-Rewriting Approach to Software Transactional Memory},
 booktitle = {PACT '07: Proceedings of the 16th International Conference on Parallel Architecture and Compilation Techniques (PACT 2007)},
 year = {2007},
 isbn = {0-7695-2944-5},
 pages = {365--375},
 doi = {http://dx.doi.org/10.1109/PACT.2007.42},
 publisher = {IEEE Computer Society},
 address = {Washington, DC, USA},
 }

@article{ramadan07metatm,
  author = {Hany E. Ramadan and Christopher J. Rossbach and Donald E. Porter
    and Owen S. Hofmann and Aditya Bhandari and Emmett Witchel},
  title = {MetaTM/TxLinux: transactional memory for an operating system},
  journal = {SIGARCH Computer Architecture News},
  volume = {35},
  number = {2},
  year = {2007},
  issn = {0163-5964},
  pages = {92--103},
  doi = {http://doi.acm.org/10.1145/1273440.1250675},
  publisher = {ACM},
  address = {New York, NY, USA},
}

@inproceedings{ramadan08datm,
 author = {Ramadan, Hany E. and Rossbach, Christopher J. and Witchel, Emmett},
 title = {Dependence-aware transactional memory for increased concurrency},
 booktitle = {MICRO '08: Proceedings of the 2008 41st IEEE/ACM International Symposium on Microarchitecture},
 year = {2008},
 isbn = {978-1-4244-2836-6},
 pages = {246--257},
 doi = {http://dx.doi.org/10.1109/MICRO.2008.4771795},
 publisher = {IEEE Computer Society},
 address = {Washington, DC, USA},
 }

@inproceedings{shriraman06rtm,
 author    = {Arrvindh Shriraman and Virendra J. Marathe and Sandhya Dwarkadas and Michael L. Scott and David Eisenstat and Christopher Heriot and William N. Scherer III and and Michael F. Spear},
 title     = {Hardware Acceleration of Software Transactional Memory},
 booktitle = {TRANSACT: First ACM SIGPLAN Workshop on Languages, Compilers, and Hardware Support for Transactional Computing},
 year      = {2006},
 location  = {Ottawa, Ontario, Canada},
}

@inproceedings{saha05mcrt,
 author = {Bratin Saha and Ali-Reza Adl-Tabatabai and Richard L. Hudson and Cao Minh, Chi and Ben Hertzberg},
 title = {{McRT--STM}: A High Performance Software Transactional Memory System For A Multi-Core Runtime},
 booktitle = {PPoPP '06: Proceedings of the eleventh ACM SIGPLAN symposium on Principles and practice of parallel programming},
 month     = {March},
 year = {2006},
 pages = {187--197},
 location = {Manhattan, New York City, NY, USA},
 publisher = {ACM Press},
 address = {New York, NY, USA},
}

@inproceedings{kumar06hybrid,
 author    = {Sanjeev Kumar and Michael Chu and Christopher J. Hughes and Partha Kundu and Anthony Nguyen},
 title     = {Hybrid Transactional Memory},
 booktitle = {PPoPP '06: Proceedings of the eleventh ACM SIGPLAN symposium on Principles and practice of parallel programming},
 month     = {March},
 year      = {2006},
 location  = {Manhattan, New York City, NY, USA},
 publisher = {ACM Press},
 address   = {New York, NY, USA},
}

@inproceedings{lupon09fastm,
  author	= {Lupon, Marc and Magklis, Grigorios and Gonz\'{a}lez, Antonio},
  title		= {{FASTM}: A Log-based Hardware Transactional Memory with Fast Abort Recovery},
  booktitle	= {PACT~'09: Proc. 18th International Conference on Parallel Architecture and Compilation Techniques},
  year		= {2009},
  month		= {sep},
}

@inproceedings{shpeisman07enforcing,
 author    = {Tatiana Shpeisman and Vijay Menon and Ali-Reza Adl-Tabatabai and Steven Balensiefer and Dan Grossman and Richard L. Hudson and Kate Moore and Bratin Saha},
 title     = {Enforcing Isolation and Ordering in STM},
 booktitle = {PLDI '07: Proceedings of the 2007 ACM SIGPLAN Conference on Programming Language Design and Implementation},
 year      = {2007},
 location  = {San Diego, CA},
 month     = {June}
}

@inproceedings{tabba09nztm,
  author	= {Tabba, Fuad and Moir, Mark and Goodman, James R. and Hay, Andrew and Wang, Cong},
  title		= {{NZTM}: Nonblocking Zero-indirection Transactional Memory},
  booktitle	= {SPAA~'09: Proc. 21st Symposium on Parallelism in Algorithms and Architectures},
  pdf		= {http://research.sun.com/scalable/pubs/SPAA2009-NZTM.pdf},
  year		= {2009},
  month		= {aug},
}


@inproceedings{wang07codegen,
 author    = {Cheng Wang and Wei-Yu Chen and Youfeng Wu and Bratin Saha and Ali-Reza Adl-Tabatabai},
 title     = {Code Generation and Optimization for Transactional Memory Constructs in an Unmanaged Language},
 booktitle = {CGO '07: Proceedings of the International Symposium on Code Generation and Optimization},
 year      = {2007},
 location  = {San Jose, CA},
 month     = {March}
}

@inproceedings{yen07logtm-se,
 author = {Yen, Luke and Bobba, Jayaram and Marty, Michael R. and Moore, Kevin E. and Volos, Haris and Hill, Mark D. and Swift, Michael M. and Wood, David A.},
 title = {{LogTM-SE: Decoupling Hardware Transactional Memory from Caches}},
 booktitle = {Proceedings of the 13th International Symposium on High Performance Computer Architecture},
 year = {2007},
 month = February,
 location = {Phoenix, AZ}
}

@inproceedings{yen08notary,
 title={Notary: Hardware techniques to enhance signatures},
 author={Luke Yen and Draper, S.C. and Hill, M.D.},
 booktitle={Microarchitecture, 2008. MICRO-41. 2008 41st IEEE/ACM International Symposium on},
 year={2008},
 month={Nov.},
 volume={},
 number={},
 pages={234-245},
 keywords={cryptographychip-multiprocessors, hardware techniques, hash functions, memory allocation, page-block-XOR gates, parallel Bloom filters, privatization interface, signature enhancement},
 doi={10.1109/MICRO.2008.4771794},
 ISSN={1072-4451}, 
}

@misc{githubccstm,
  author = {Nathan Bronson},
  title = {{CCSTM}}, 
  howpublished = {http://github.com/nbronson/ccstm}
}

@inproceedings{felber09elastic,
  author      = {Felber, Pascal and Gramoli, Vincent and Guerraoui, Rachid},
  title       = {Elastic Transactions},
  booktitle   = {DISC '09: Proceedings of the 23rd International Symposium on Distributed Computing},
  year        = {2009},
  pages       = {93--107}
}

@inproceedings{herlihy08boosting,
  author = {Maurice Herlihy and Eric Koskinen},
  title = {Transactional {B}oosting: A Methodology for Highly-concurrent Transactional Objects},
  booktitle = {PPoPP '08: Proceedings of the 13th ACM SIGPLAN Symposium on Principles and Practice of Parallel Programming},
  year = {2008},
  isbn = {978-1-59593-795-7},
  pages = {207--216},
  location = {Salt Lake City, UT, USA},
  doi = {http://doi.acm.org/10.1145/1345206.1345237},
  publisher = {ACM},
  address = {New York, NY, USA},
}

@inproceedings{ni07open,
 author = {Yang Ni and Vijay S. Menon and Ali-Reza Adl-Tabatabai and Antony L. Hosking and Richard L. Hudson and J. Eliot B. Moss and Bratin Saha and Tatiana Shpeisman},
 title = {Open Nesting in Software Transactional Memory},
 booktitle = {PPoPP '07: Proceedings of the 12th ACM SIGPLAN Symposium on Principles and Practice of Parallel Programming},
 year = {2007},
 isbn = {978-1-59593-602-8},
 pages = {68--78},
 location = {San Jose, California, USA},
 doi = {http://doi.acm.org/10.1145/1229428.1229442},
 publisher = {ACM Press},
 address = {New York, NY, USA},
}

@InProceedings{carlstrom07collection,
 author = {Brian D. Carlstrom and Austen McDonald and Michael Carbin and Christos Kozyrakis and Kunle Olukotun},
 title = {Transactional Collection Classes},
 booktitle = {PPoPP '07: Proceedings of the 12th ACM SIGPLAN Symposium on Principles and Practice of Parallel Programming},
 year = {2007},
 isbn = {978-1-59593-602-8},
 pages = {56--67},
 location = {San Jose, California, USA},
 doi = {http://doi.acm.org/10.1145/1229428.1229441},
 publisher = {ACM Press},
 address = {New York, NY, USA},
}

@inproceedings{harris05ctm,
  author = {Harris, Tim and Marlow, Simon and Peyton-Jones, Simon and Herlihy, Maurice},
  title = {Composable Memory Transactions},
  booktitle = {PPoPP '05: Proceedings of the tenth ACM SIGPLAN Symposium on Principles and Practice of Parallel Programming},
  year = {2005},
  isbn = {1-59593-080-9},
  pages = {48--60},
  location = {Chicago, IL, USA},
  doi = {http://doi.acm.org/10.1145/1065944.1065952},
  publisher = {ACM},
  address = {New York, NY, USA},
}

@inproceedings{shavit95stm,
 author = {Shavit, Nir and Touitou, Dan},
 title = {Software Transactional Memory},
 booktitle = {PODC '95: Proceedings of the fourteenth annual ACM Symposium on Principles of Distributed Computing},
 year = {1995},
 isbn = {0-89791-710-3},
 pages = {204--213},
 location = {Ottowa, Ontario, Canada},
 doi = {http://doi.acm.org/10.1145/224964.224987},
 publisher = {ACM},
 address = {New York, NY, USA},
}

@inproceedings{tabba:nztm:spaa:nonblocking:2009,
  author	= {Tabba, Fuad and Moir, Mark and Goodman, James R. and Hay, Andrew and Wang, Cong},
  title		= {{NZTM}: Nonblocking Zero-indirection Transactional Memory},
  booktitle	= {SPAA~'09: Proc. 21st Symposium on Parallelism in Algorithms and Architectures},
  pdf		= {http://research.sun.com/scalable/pubs/SPAA2009-NZTM.pdf},
  year		= {2009},
  month		= {aug},
}

@inproceedings{guerraoui05cm,
 author = {Guerraoui, Rachid and Herlihy, Maurice and Pochon, Bastian},
 title = {Toward a Theory of Transactional Contention Managers},
 booktitle = {PODC '05: Proceedings of the twenty-fourth annual ACM Symposium on Principles of Distributed Computing},
 year = {2005},
 isbn = {1-59593-994-2},
 pages = {258--264},
 location = {Las Vegas, NV, USA},
 doi = {http://doi.acm.org/10.1145/1073814.1073863},
 publisher = {ACM},
 address = {New York, NY, USA},
}

@inproceedings{koskinen09brief,
 author = {Koskinen, Eric and Herlihy, Maurice},
 title = {Brief announcement: concurrent non-commutative boosted transactions},
 booktitle = {PODC '09: Proceedings of the 28th ACM Symposium on Principles of Distributed Computing},
 year = {2009},
 isbn = {978-1-60558-396-9},
 pages = {272--273},
 location = {Calgary, AB, Canada},
 doi = {http://doi.acm.org/10.1145/1582716.1582760},
 publisher = {ACM},
 address = {New York, NY, USA},
}

%%%%%%%%%%%%%%%%%%%%%%%%%%%%%%%%%
%% Misc.
%%%%%%%%%%%%%%%%%%%%%%%%%%%%%%%%%

@misc{aandd:procyon,
 key          = {Procyon},
 title        = {Procyon, The ultra-high-performance simulation and control platform.},
 author       = "{A \& D Technology, Inc.}",
 howpublished = "\url{http://www.aanddtech.com/products/realtime_measurement_simulation_control/procyon/}",
}

@misc{lea:concurrenthashmap,
 key = {ConcurrentHashMap},
 author = {Doug Lea},
 title = {Concurrent hash map in JSR 166 concurrency utilities.},
 howpublished = "\url{http://gee.cs.oswego.edu/dl/concurrency-interest/index.html}",
 date = {Dec. 2007}
}

@article{dharmapurikar04bloomfilters,
 title={Deep packet inspection using parallel bloom filters},
 author={Sarang Dharmapurikar and Praveen Krishnamurthy and Sproull, T.S. and Lockwood, J.W.},
 journal={Micro, IEEE},
 year={2004},
 month={Jan.-Feb.},
 volume={24},
 number={1},
 pages={ 52-61},
 keywords={ computer networks, cryptography, data structures, message authentication, string matching deep packet inspection, hash functions, network security applications, packet processing applications, parallel Bloom filter data structure, software-based packet monitors},
 doi={10.1109/MM.2004.1268997},
 ISSN={0272-1732}, 
}

@article{carter79hashes,
 title = "Universal classes of hash functions",
 journal = "Journal of Computer and System Sciences",
 volume = "18",
 number = "2",
 pages = "143 - 154",
 year = "1979",
 note = "",
 issn = "0022-0000",
 doi = "DOI: 10.1016/0022-0000(79)90044-8",
 url = "http://www.sciencedirect.com/science/article/B6WJ0-4B55K9J-D/2/036439eff8b0d54d7974c2d5d6997669",
 author = "J. Lawrence Carter and Mark N. Wegman"
}

% coherence polling
@inproceedings{mukherjee96coherent,
    author = "S. S. Mukherjee and B. Falsafi and M. D. Hill and D. A. Wood",
    title = "Coherent Network Interfaces for fine-Grain Communication",
    booktitle = "Proc. of the 23rd Annual Int'l Symp. on Computer Architecture ({ISCA}'96)",
    pages = "247--258",
    year = "1996",
    url = "citeseer.ist.psu.edu/mukherjee96coherent.html" 
}

@misc{uoh:chtcore,
 key = {cHTcore},
 author = {University of Heidelberg (Germany)},
 title = "{UoH cHT-Core (coherent HT Cave Core)}",
 howpublished = "\url{http://www.hypertransport.org/default.cfm?page=ProductsViewProduct&ProductID=84}",
}

@inproceedings{chakradhar09besteffort,
    author = "Srimat Chakradhar and Anand Raghunathan and Jiayuan Meng",
    title = "Best-Effort Parallel Execution Framework for Recognition and Mining Applications",
    booktitle = "Proc. of the 23rd Annual Int'l Symp. on Parallel and Distributed Processing ({IPDPS}'09)",
    pages = "1--12",
    year = "2009",
    url = "http://www.computer.org/portal/web/csdl/doi/10.1109/IPDPS.2009.5160991" 
}

@book{shavit08theart,
    author = {Herlihy, Maurice and Shavit, Nir},
    isbn = {0123705916},
    month = {March},
    posted-at = {2008-10-20 06:41:42},
    priority = {2},
    publisher = {Morgan Kaufmann},
    title = {The Art of Multiprocessor Programming},
    year = {2008}
}
