@misc{virtex-ii,
  author = {Xilinx},
  title = "{DS083 (v4.7) Virtex-II Pro and Virtex-II Pro X Platform FPGAs: Complete Data Sheet}",
  year = 2007,
  month = "November",
  date = 5
}

@misc{virtex-5, 
  author = {Xilinx},
  title = "{DS100 (v4.4) Virtex-5 Family Overview}",
  year = 2008,
  month = "September",
  date = 23
}

@misc{virtex-4,
  author = {Xilinx},
  title = "{DS112 (v3.0) Virtex-4 Family Overview}",
  year = 2007,
  month = "September",
  date = 28
}

@incollection{kozyrakis:atlas:warfp:2005,
  author        = {Kozyrakis, Christos and Olukotun, Kunle},
  title         = {ATLAS: A Scalable Emulator for Transactional Parallel System},
  booktitle     = {Workshop on Architecture Research using FPGA Platforms, 11th International Symposium on High-Performance Computer Architectur},
  month         = {Feb},
  year          = {2005}
}

@inproceedings{kornmesser99atlantis,
 author = {K. Kornmesser and T. Kuberka and A. Kugel and R. Manner and S. Ruhl and M. Sessler and H. Singpiel and H. Simmler},
 title = "{ATLANTIS---a hybrid approach combining the power of FPGA and RISC processors based on CompactPCI}",
 booktitle = {FPGA '99: Proceedings of the 1999 ACM/SIGDA seventh international symposium on Field programmable gate arrays},
 year = {1999},
 isbn = {1-58113-088-0},
 pages = {245},
 location = {Monterey, California, United States},
 doi = {http://doi.acm.org/10.1145/296399.296476},
 publisher = {ACM},
 address = {New York, NY, USA},
}

@techreport{ousterhout89tcl,
 author = {John K. Ousterhout},
 title = {Tcl: An Embeddable Command Language},
 year = {1989},
 source = {http://www.ncstrl.org:8900/ncstrl/servlet/search?formname=detail\&id=oai%3Ancstrlh%3Aucb%3AUCB%2F%2FCSD-89-541},
 publisher = {University of California at Berkeley},
 address = {Berkeley, CA, USA},
 }

@misc{bram,
  author = {Xilinx},
  title = "{DS444: Block RAM (BRAM) Block (v1.00a)}",
  year = 2004,
  month = "August",
  date = 13
}

@misc{plbbram,
  author = {Xilinx},
  title = "{DS240(v1.4.1): PLB Block RAM (BRAM) Interface Controller}",
  year = 2003,
  month = "July",
  date = 29
}
  
@misc{plb_ipif,
  author = {Xilinx},
  title = "{DS448: PLB IPIF (v2.02a)}",
  year = 2005,
  month = "April",
  date = 15
}

@url{modelsim,
  author = "{Mentor Graphics}",
  title = "{ModelSim}",
  note = "\\Website: http://www.model.com",
  url = {http://www.model.com}
}

@misc{microblaze,
  author = {Xilinx},
  title = "Xilinx {MicroBlaze Processor}",
  note = "\\Website: http://www.xilinx.com/microblaze",
  url = {http://www.xilinx.com/microblaze}
}

@misc{EDK,
  author = {Xilinx},
  title = "{Xilinx Platform Studio and the EDK}",
  note = "\\Website: http://www.xilinx.com/edk",
  url = {http://www.xilinx.com/edk}
}

@inproceedings{gaisler02leon,
 author = {Jiri Gaisler},
 title = {A Portable and Fault-Tolerant Microprocessor Based on the SPARC V8 Architecture},
 booktitle = {DSN '02: Proceedings of the 2002 International Conference on Dependable Systems and Networks},
 year = {2002},
 isbn = {0-7695-1597-5},
 pages = {409--415},
 publisher = {IEEE Computer Society},
 address = {Washington, DC, USA},
 }

@misc{ppcperflib,
  author = {Neil Leeder},
  title = "PowerPC Performance Libraries",
  note = "Sourceforge website: \\http://sourceforge.net/projects/ppcperflib",
  url = {http://sourceforge.net/projects/ppcperflib}
}

@inproceedings{netzer:transitive:padd:1993,
 author = {Robert H. B. Netzer},
 title = {Optimal tracing and replay for debugging shared-memory parallel programs},
 booktitle = {PADD '93: Proceedings of the 1993 ACM/ONR workshop on Parallel and distributed debugging},
 year = {1993},
 isbn = {0-89791-633-6},
 pages = {1--11},
 location = {San Diego, California, United States},
 doi = {http://doi.acm.org/10.1145/174266.174268},
 publisher = {ACM},
 address = {New York, NY, USA},
}

@inproceedings{welc08irrevocable,
        author = {Adam Welc and Bratin Saha and Ali-Reza Adl-Tabatabai},
        title = {{Irrevocable Transactions and their Applications}},
        booktitle = {SPAA '08: Proceedings of the twentieth annual ACM symposium on Parallel algorithms and architectures},
        year = {2008},
}
 

@inproceedings{hower:rerun:isca:2008,
 author = {Derek R. Hower and Mark D. Hill},
 title = {Rerun: Exploiting Episodes for Lightweight Memory Race Recording},
 booktitle = {ISCA '08: Proceedings of the 35th annual international symposium on Computer architecture},
 year = {2008},
 location = {Beijing, China},
 doi = {http://doi.acm.org/???},
 publisher = {ACM Press},
 address = {New York, NY, USA},
}

@inproceedings{montesinos:delorean:isca:2008,
 author = {Pablo Montesinos and Luis Ceze and Pablo Montesinos and Josep Torrellas},
 title = {{DeLorean: Recording and Deterministically Replaying Shared-Memory Multiprocessor Execution Efficiently}},
 booktitle = {ISCA '08: Proceedings of the 35th annual international symposium on Computer architecture},
 year = {2008},
 location = {Beijing, China},
 doi = {http://doi.acm.org/???},
 publisher = {ACM Press},
 address = {New York, NY, USA},
}

@misc{core2duo,
 title = {Intel Core$^{TM}$ 2 Duo Processors},
 howpublished = {\url{http://www.intel.com/products/processor/core2duo/index.htm}}
}

@misc{athlon,
 title = {{AMD Athlon$^{TM}$ X2 Dual-Core Processors for Desktop}},
 howpublished = {\url{http://www.amd.com/us-en/Processors/ProductInformation/0,,30_118_9485_13041,00.html}}
}

@book{hennessy:quantitative,
 author = {John L. Hennessy and David A. Patterson},
 title = {Computer Architecture: A Quantitative Approach},
 year = {2003},
 isbn = {1558607242},
 publisher = {Morgan Kaufmann Publishers Inc.},
 address = {San Francisco, CA, USA},
 }

@phdthesis{Saavedra-Barrera:CSD-92-684,
    Author = {Saavedra-Barrera, Rafael H.},
    Title = {CPU Performance Evaluation and Execution Time Prediction Using Narrow Spectrum Benchmarking},
    School = {EECS Department, University of California, Berkeley},
    Year = {1992},
    Month = {Feb},
    URL = {http://www.eecs.berkeley.edu/Pubs/TechRpts/1992/6137.html},
    Number = {UCB/CSD-92-684},
}

@phdthesis {njoroge08,
 author = "Njuguna Njoroge",
 title = "{ATLAS}: A Platform for Accelerating Transactional Memory Research",
 school = "Stanford University",
 year = "2008",
}

@phdthesis {wee08,
 author = "Sewook Wee",
 title = "{ATLAS}: Software Development Environment for Hardware Transactional Memory",
 school = "Stanford University", 
 year = "2008",
}

@article{onetm07,
 author = {Colin Blundell and Joe Devietti and others},
 title = {Making the fast case common and the uncommon case simple in unbounded transactional memory},
 journal = {SIGARCH Computer Architecture News},
 volume = {35},
 number = {2},
 year = {2007},
 doi = {http://doi.acm.org/10.1145/1273440.1250667},
 }

@inproceedings{watson:maze:pldi:2007,
 author = {Ian Watson and Chris Kirkham and Mikel Lujan},
 title = {A Study of a Transactional Parallel Routing Algorithm},
 booktitle = {PACT '07: Proceedings of the 16th International Conference on Parallel Architecture and Compilation Techniques (PACT 2007)},
 year = {2007},
 isbn = {0-7695-2944-5},
 pages = {388--398},
 doi = {http://dx.doi.org/10.1109/PACT.2007.11},
 publisher = {IEEE Computer Society},
 address = {Washington, DC, USA},
 }

@article{anderson:contprofiling:tocs:1997,
 author = {Jennifer M. Anderson and Lance M. Berc and Jeffrey Dean and Sanjay Ghemawat and Monika R. Henzinger and Shun-Tak A. Leung and Richard L. Sites and Mark T. Vandevoorde and Carl A. Waldspurger and William E. Weihl},
 title = {Continuous profiling: where have all the cycles gone?},
 journal = {ACM Transactions on Computer Systems},
 volume = {15},
 number = {4},
 year = {1997},
 issn = {0734-2071},
 pages = {357--390},
 doi = {http://doi.acm.org/10.1145/265924.265925},
 publisher = {ACM Press},
 address = {New York, NY, USA},
}

@inproceedings{flaganan:dynamic:popl:2004,
 author = {Cormac Flanagan and Stephen N Freund},
 title = {Atomizer: a dynamic atomicity checker for multithreaded programs},
 booktitle = {POPL '04: Proceedings of the 31st ACM SIGPLAN-SIGACT Symposium on Principles of Programming Languages},
 year = {2004},
 isbn = {1-58113-729-X},
 pages = {256--267},
 location = {Venice, Italy},
 doi = {http://doi.acm.org/10.1145/964001.964023},
 publisher = {ACM Press},
 address = {New York, NY, USA},
}

@inproceedings{sasturkar:type:ppopp:2005,
 author = {Amit Sasturkar and Rahul Agarwal and Liqiang Wang and Scott D. Stoller},
 title = {Automated type-based analysis of data races and atomicity},
 booktitle = {PPoPP '05: Proceedings of the tenth ACM SIGPLAN symposium on Principles and practice of parallel programming},
 year = {2005},
 isbn = {1-59593-080-9},
 pages = {83--94},
 location = {Chicago, IL, USA},
 doi = {http://doi.acm.org/10.1145/1065944.1065956},
 publisher = {ACM Press},
 address = {New York, NY, USA},
}

@inproceedings{flanagna:type:pldi:2003,
 author = {Cormac Flanagan and Shaz Qadeer},
 title = {A type and effect system for atomicity},
 booktitle = {PLDI '03: Proceedings of the ACM SIGPLAN 2003 conference on Programming language design and implementation},
 year = {2003},
 isbn = {1-58113-662-5},
 pages = {338--349},
 location = {San Diego, California, USA},
 doi = {http://doi.acm.org/10.1145/781131.781169},
 publisher = {ACM Press},
 address = {New York, NY, USA},
}

@inproceedings{ceze:bulksc:isca:2007,
 author = {Luis Ceze and James Tuck and Pablo Montesinos and Josep Torrellas},
 title = {Bulk{SC}: bulk enforcement of sequential consistency},
 booktitle = {ISCA '07: Proceedings of the 34th annual international symposium on Computer architecture},
 year = {2007},
 isbn = {978-1-59593-706-3},
 pages = {278--289},
 location = {San Diego, California, USA},
 doi = {http://doi.acm.org/10.1145/1250662.1250697},
 publisher = {ACM Press},
 address = {New York, NY, USA},
}

@inproceedings{baek:opentm:pact:2007,
 author = {Woongki Baek and Cao Minh, Chi and Martin Trautmann and Christos Kozyrakis and Kunle Olukotun},
 title = {The {OpenTM} Transactional Application Programming Interface},
 booktitle = {PACT '07: Proceedings of the 16th International Conference on Parallel Architecture and Compilation Techniques},
 year = {2007},
 isbn = {0-7695-2944-5},
 pages = {376--387},
 doi = {http://dx.doi.org/10.1109/PACT.2007.74},
 publisher = {IEEE Computer Society},
 address = {Washington, DC, USA},
 }

@misc{ramp08tutorial,
 author = {Sewook Wee and Njuguna Njoroge},
 title = "{Using ATLAS for Performance Tuning and Debugging}",
 howpublished = {Hands-on tutorial at RAMP Workshop 2008 in conjunction with
 ASPLOS XIII},
 month = {March},
 year = 2008
}

@misc{ramp07tutorial,
 author = {Sewook Wee and Njuguna Njoroge},
 title = "{Using ATLAS for Performance Tuning and Debugging}",
 howpublished = {Hands-on tutorial at RAMP Workshop 2007 in conjunction with
 ISCA 2008},
 month = {June},
 year = 2007
}

@inproceedings{xu:rtr:asplos:2006,
 author = {Min Xu and Mark D. Hill and Rastislav Bodik},
 title = {A regulated transitive reduction (RTR) for longer memory race recording},
 booktitle = {ASPLOS-XII: Proceedings of the 12th international conference on Architectural support for programming languages and operating systems},
 year = {2006},
 isbn = {1-59593-451-0},
 pages = {49--60},
 location = {San Jose, California, USA},
 doi = {http://doi.acm.org/10.1145/1168857.1168865},
 publisher = {ACM Press},
 address = {New York, NY, USA},
 }

@inproceedings{xu:fdr:isca:2003,
 author = {Min Xu and Rastislav Bodik and Mark D. Hill},
 title = {A "flight data recorder" for enabling full-system multiprocessor deterministic replay},
 booktitle = {ISCA '03: Proceedings of the 30th annual international symposium on Computer architecture},
 year = {2003},
 isbn = {0-7695-1945-8},
 pages = {122--135},
 location = {San Diego, California},
 doi = {http://doi.acm.org/10.1145/859618.859633},
 publisher = {ACM Press},
 address = {New York, NY, USA},
}

@inproceedings{narayanasami:bugnet:isca:2005,
 author = {Satish Narayanasamy and Gilles Pokam and Brad Calder},
 title = {BugNet: Continuously Recording Program Execution for Deterministic Replay Debugging},
 booktitle = {ISCA '05: Proceedings of the 32nd annual international symposium on Computer Architecture},
 year = {2005},
 isbn = {0-7695-2270-X},
 pages = {284--295},
 doi = {http://dx.doi.org/10.1109/ISCA.2005.16},
 publisher = {IEEE Computer Society},
 address = {Washington, DC, USA},
}

@inproceedings{poziansky:onthefly:ppopp:2003,
 author = {Eli Pozniansky and Assaf Schuster},
 title = {Efficient on-the-fly data race detection in multithreaded {C++} programs},
 booktitle = {PPoPP '03: Proceedings of the ninth ACM SIGPLAN symposium on Principles and practice of parallel programming},
 year = {2003},
 isbn = {1-58113-588-2},
 pages = {179--190},
 location = {San Diego, California, USA},
 doi = {http://doi.acm.org/10.1145/781498.781529},
 publisher = {ACM Press},
 address = {New York, NY, USA},
}

@inproceedings{ocallahan:hybriddatarace:PPoPP:2003,
 author = {Robert O'Callahan and Jong-Deok Choi},
 title = {Hybrid dynamic data race detection},
 booktitle = {PPoPP '03: Proceedings of the ninth ACM SIGPLAN symposium on Principles and practice of parallel programming},
 year = {2003},
 isbn = {1-58113-588-2},
 pages = {167--178},
 location = {San Diego, California, USA},
 doi = {http://doi.acm.org/10.1145/781498.781528},
 publisher = {ACM Press},
 address = {New York, NY, USA},
}

@inproceedings{yu:racetrack:SOSP:2005,
 author = {Yuan Yu and Tom Rodeheffer and Wei Chen},
 title = {RaceTrack: efficient detection of data race conditions via adaptive tracking},
 booktitle = {SOSP '05: Proceedings of the twentieth ACM symposium on Operating systems principles},
 year = {2005},
 isbn = {1-59593-079-5},
 pages = {221--234},
 location = {Brighton, United Kingdom},
 doi = {http://doi.acm.org/10.1145/1095810.1095832},
 publisher = {ACM Press},
 address = {New York, NY, USA},
}

@inproceedings{perkovic:datarace:osdi:1996,
 author = {Dejan Perkovic and Peter J. Keleher},
 title = {Online data-race detection via coherency guarantees},
 booktitle = {OSDI '96: Proceedings of the second USENIX symposium on Operating systems design and implementation},
 year = {1996},
 isbn = {1-880446-82-0},
 pages = {47--57},
 location = {Seattle, Washington, United States},
 doi = {http://doi.acm.org/10.1145/238721.238760},
 publisher = {ACM Press},
 address = {New York, NY, USA},
}

@inproceedings{netzer:happens-before:ppopp:1991,
 author = {Robert H. B. Netzer and Barton P. Miller},
 title = {Improving the accuracy of data race detection},
 booktitle = {PPOPP '91: Proceedings of the third ACM SIGPLAN symposium on Principles and practice of parallel programming},
 year = {1991},
 isbn = {0-89791-390-6},
 pages = {133--144},
 location = {Williamsburg, Virginia, United States},
 doi = {http://doi.acm.org/10.1145/109625.109640},
 publisher = {ACM Press},
 address = {New York, NY, USA},
}

@inproceedings{dinning:happens-before:ppopp:1990,
 author = {A. Dinning and E. Schonberg},
 title = {An empirical comparison of monitoring algorithms for access anomaly detection},
 booktitle = {PPOPP '90: Proceedings of the second ACM SIGPLAN symposium on Principles \& practice of parallel programming},
 year = {1990},
 isbn = {0-89791-350-7},
 pages = {1--10},
 location = {Seattle, Washington, United States},
 doi = {http://doi.acm.org/10.1145/99163.99165},
 publisher = {ACM Press},
 address = {New York, NY, USA},
}


@article{savage:eraser:tocs:1997,
 author = {Stefan Savage and Michael Burrows and Greg Nelson and Patrick Sobalvarro and Thomas Anderson},
 title = {Eraser: a dynamic data race detector for multithreaded programs},
 journal = {ACM Transactions on Computer Systems},
 volume = {15},
 number = {4},
 year = {1997},
 issn = {0734-2071},
 pages = {391--411},
 doi = {http://doi.acm.org/10.1145/265924.265927},
 publisher = {ACM Press},
 address = {New York, NY, USA},
}

@inproceedings{choi:lockset:pldi:2002,
 author = {Jong-Deok Choi and Keunwoo Lee and Alexey Loginov and Robert O'Callahan and Vivek Sarkar and Manu Sridharan},
 title = {Efficient and precise datarace detection for multithreaded object-oriented programs},
 booktitle = {PLDI '02: Proceedings of the ACM SIGPLAN 2002 Conference on Programming language design and implementation},
 year = {2002},
 isbn = {1-58113-463-0},
 pages = {258--269},
 location = {Berlin, Germany},
 doi = {http://doi.acm.org/10.1145/512529.512560},
 publisher = {ACM Press},
 address = {New York, NY, USA},
}

 @inproceedings{lu:avio:asplos:2006,
 author = {Shan Lu and Joseph Tucek and Feng Qin and Yuanyuan Zhou},
 title = {{AVIO}: detecting atomicity violations via access interleaving invariants},
 booktitle = {ASPLOS-XII: Proceedings of the 12th international conference on Architectural support for programming languages and operating systems},
 year = {2006},
 isbn = {1-59593-451-0},
 pages = {37--48},
 location = {San Jose, California, USA},
 doi = {http://doi.acm.org/10.1145/1168857.1168864},
 publisher = {ACM Press},
 address = {New York, NY, USA},
}

@inproceedings{wee:atlas:fpga:2007,
 author = {Sewook Wee and Jared Casper and Njuguna Njoroge and Yuriy Tesylar and Daxia Ge and Christos Kozyrakis and Kunle Olukotun},
 title = {A practical FPGA-based framework for novel CMP research},
 booktitle = {FPGA '07: Proceedings of the 2007 ACM/SIGDA 15th international symposium on Field programmable gate arrays},
 year = {2007},
 isbn = {978-1-59593-600-4},
 pages = {116--125},
 location = {Monterey, California, USA},
 doi = {http://doi.acm.org/10.1145/1216919.1216936},
 publisher = {ACM Press},
 address = {New York, NY, USA},
}

@inproceedings{njoroge:atlas:date:2007,
 author = {Njuguna Njoroge and Jared Casper and Sewook Wee and Yuriy Teslyar and Daxia Ge and Christos Kozyrakis and Kunle Olukotun},
 title = {{ATLAS}: a chip-multiprocessor with transactional memory support},
 booktitle = {DATE '07: Proceedings of the conference on Design, automation and test in Europe},
 year = {2007},
 isbn = {978-3-9810801-2-4},
 pages = {3--8},
 location = {Nice, France},
 doi = {http://doi.acm.org/10.1145/1266366.1266370},
 publisher = {ACM Press},
 address = {New York, NY, USA},
}

@incollection{baek:soft-optimization:spaa:2007,
  author	= {Baek, Woongki and Chung, JaeWoong and Cao Minh, Chi and Kozyrakis, Christos and Olukotun, Kunle},
  title		= {Towards Soft Optimization Techniques for Parallel Cognitive Applications},
  booktitle	= {19th ACM Symposium on Parallelism in Algorithms and Architectures},
  month		= {June},
  year		= {2007}
}

@inproceedings{novillo06gcc,
   author       = "Diego Novillo",
   title        = "GCC - An Architectural Overview, Current Status and Future Directions",
   booktitle    = "Proceedings of the 2006 Linux Symposium",
   year         = 2006,
   month        = "July",
   pages        = "193--208",
   location     = "Ottawa, Canada"
}


@inproceedings{novillo06openmp,
   author       = "Diego Novillo",
   title        = "OpenMP and automatic parallelization in GCC",
   booktitle    = "Proceedings of the 2006 GCC Developers' Summit",
   year         = 2006,
   month        = "June",
   pages        = "135--144",
   location     = "Ottawa, Canada"
}

@inproceedings{milovanovic07tmopenmp,
	author	= {Milos Milovanovic and Roger Ferrer and Osman Unsal and Adrian Cristal and Xavier Martorell and Eduard Ayguade and Jesus Labarta and Mateo Valero},
	title		= {Transactional Memory and OpenMP},
	booktitle	= {International Workshop on OpenMP},
	month		= {June},
	year		= {2007},
}

@techreport{blundell:unrestrictedtm:tr:2006,
	author	= {Blundell, Colin and Lewis, E Christopher and Martin, Milo M. K.},
	title		= {Unrestricted Transactional Memory: Supporting {I/O} and System Calls within Transactions},
	institution	= {Department of Computer and Information Science, University of Pennsylvania},
	number	= {CIS-06-09},
	type		= {Technical Report},
	month		= {April},
	year		= {2006},
	pdf		= {http://www.cis.upenn.edu/~eclewis/papers/tr06_unrestricted_transactions.pdf}
}

@incollection{caominh:hybrid:isca:2007,
	author	= {Cao Minh, Chi and Trautmann, Martin and Chung, JaeWoong and McDonald, Austen and Bronson, Nathan and Casper, Jared and Kozyrakis, Christos and Olukotun, Kunle},
	title		= {An Effective Hybrid Transactional Memory System with Strong Isolation Guarantees},
	booktitle	= {Proceedings of the 34th Annual International Symposium on Computer Architecture},
	month		= {June},
	year		= {2007}
}

@MISC{parr06antlr,
	title        = {ANTLR Reference Manual},
	author       = {Terence J. Parr},
	howpublished = "\url{http://www.antlr.org}",
	year         = 2006
}

@misc{icc,
 title = {Intel {C++} {STM} {C}ompiler, {P}rototype {E}dition},
 howpublished ={\url{http://software.intel.com}}
}

@misc{ompsite,
 title = {{The OpenMP Application Program Interface}},
 howpublished = {\url{http://www.openmp.org}}
}

@misc{ompspec,
 title = "{The OpenMP Application Program Interface Specification, version 2.5}" ,
 howpublished = {\url{http://www.openmp.org}},
 month = May,
 year = 2005
}

@misc{ompspec3.0,
 title = "{The OpenMP Application Program Interface Specification, version 3.0}" ,
 howpublished = {\url{http://www.openmp.org}},
 month = May,
 year = 2008
}

@misc{openmp,
	author = "Leonardo Dagum",
	title = "{OpenMP}: A Proposed Industry Standard API for Shared Memory Programming",
	year = "1997",
	month = "October",
	url = "citeseer.ist.psu.edu/476450.html"
}

@inproceedings{johnson04cetus,
	author    = {Troy A. Johnson and Sang Ik Lee and Long Fei and Ayon Basumallik and Gautam Upadhyaya and Rudolf Eigenmann and Samuel P. Midkiff},
	title = {Experiences in Using Cetus for Source-to-Source Transformations.},
	booktitle = {LCPC},
	year = {2004},
	pages = {1-14},
	ee = {http://dx.doi.org/10.1007/11532378_1},
	bibsource = {DBLP, http://dblp.uni-trier.de}
}


@inproceedings{lee03cetus,
	author    = {Sang Ik Lee and Troy A. Johnson and Rudolf Eigenmann},
	title     = {Cetus - An Extensible Compiler Infrastructure for Source-to-Source Transformation.},
	booktitle = {LCPC},
	year      = {2003},
	pages     = {539-553},
	ee        = {http://springerlink.metapress.com/openurl.asp?genre=article{\&}issn=0302-9743{\&}volume=2958{\&}spage=539},
	bibsource = {DBLP, http://dblp.uni-trier.de}
}

@inproceedings{praun07implicit,
	author = {Christoph von Praun and Luis Ceze and Calin Cascaval},
	title = {Implicit parallelism with ordered transactions},
	booktitle = {PPoPP '07: Proceedings of the 12th ACM SIGPLAN symposium on Principles and practice of parallel programming},
	year = {2007},
	isbn = {978-1-59593-602-8},
	pages = {79--89},
	location = {San Jose, California, USA},
	doi = {http://doi.acm.org/10.1145/1229428.1229443},
	publisher = {ACM Press},
	address = {New York, NY, USA},
}


@inproceedings{logtm-se,
	author = {Yen, Luke and Bobba, Jayaram and Marty, Michael R. and Moore, Kevin E. and Volos, Haris and Hill, Mark D. and Swift, Michael M. and Wood, David A.},
	title = {{LogTM-SE: Decoupling Hardware Transactional Memory from Caches}},
	booktitle = {Proceedings of the 13th International Symposium on High Performance Computer Architecture},
	year = {2007},
    month = February,
	location = {Phoenix, AZ}
}

@inproceedings{moravan06nesting,
	author = {Michelle J. Moravan and Jayaram Bobba and Kevin E. Moore and Luke Yen and Mark D. Hill and Ben Liblit and Michael M. Swift and David A. Wood},
	title = {Supporting nested transactional memory in {LogTM}},
	booktitle = {Proceedings of the 12th international conference on Architectural support for programming languages and operating systems},
	year = {2006},
	isbn = {1-59593-451-0},
	pages = {359--370},
	location = {San Jose, California, USA},
	doi = {http://doi.acm.org/10.1145/1168857.1168902},
	publisher = {ACM Press},
	address = {New York, NY, USA},
}

@inproceedings{chafi:scalable-non-blocking-tm:hpca:2007, 
 author = {Hassan Chafi and Jared Casper and Brian D. Carlstrom and Austen McDonald and Cao Minh, Chi and Woongki Baek and Christos Kozyrakis and Kunle Olukotun},
 title = {A Scalable, Non-blocking Approach to Transactional Memory},
 booktitle = {HPCA '07: Proceedings of the 2007 IEEE 13th International Symposium on High Performance Computer Architecture},
 year = {2007},
 isbn = {1-4244-0804-0},
 pages = {97--108},
 doi = {http://dx.doi.org/10.1109/HPCA.2007.346189},
 publisher = {IEEE Computer Society},
 address = {Washington, DC, USA},
 }

@inproceedings{guerraoui05toward,
	author = {Rachid Guerraoui and Maurice Herlihy and Bastian Pochon},
	title = {Toward a theory of transactional contention managers},
	booktitle = {PODC '05: Proceedings of the twenty-fourth annual ACM symposium on Principles of distributed computing},
	year = {2005},
	isbn = {1-59593-994-2},
	pages = {258--264},
	location = {Las Vegas, NV, USA},
	doi = {http://doi.acm.org/10.1145/1073814.1073863},
	publisher = {ACM Press},
	address = {New York, NY, USA},
}

@inproceedings{guerraoui:polymorphic-contention-mgmt:disc:2005,
  author    = {Guerraoui, Rachid and Herlihy, Maurice and Pochon, Bastian},
  title        = {Polymorphic Contention Management},
  booktitle    = {DISC '05: Proceedings of the nineteenth International Symposium on Distributed Computing},
  year        = {2005},
  month        = {Sep},
  pages        = {303--323},
  location    = {Cracow, Poland},
  publisher    = {LNCS, Springer},
  pdf        = {http://lpdwww.epfl.ch/upload/documents/publications/neg--1700857499main.pdf},
}

@Article{queue06,
  author = 	 {A. Adl-Tabatabai and C. Kozyrakis and B. Saha},
  title = 	 {{Unlocking Concurrency: Multi-core programming with Transactional Memory}},
  journal = 	 {ACM Queue},
  year = 	 2006,
  month =	 {December}
}

@inproceedings{scherer05advanced,
	author	= {{{Scherer III}}, William N. and Scott, Michael L.},
	title = {Advanced contention management for dynamic software transactional memory},
	booktitle = {PODC '05: Proceedings of the twenty-fourth annual ACM symposium on Principles of distributed computing},
	year = {2005},
	isbn = {1-59593-994-2},
	pages = {240--248},
	location = {Las Vegas, NV, USA},
	doi = {http://doi.acm.org/10.1145/1073814.1073861},
	publisher = {ACM Press},
	address = {New York, NY, USA},
}

@inproceedings{scherer04contention,
	author	= {{{Scherer III}}, William N. and Scott, Michael L.},
	title		= {Contention Management in Dynamic Software Transactional Memory},
	booktitle	= {Proceedings of the ACM PODC Workshop on Concurrency and Synchronization in Java Programs},
	address	= {St. John's, NL, Canada},
	month		= {July},
	year		= {2004},
	pdf		= {http://www.cs.rochester.edu/u/scott/papers/2004_CSJP_contention_mgmt.pdf},
}

@inproceedings{hong06ACE,
 author = {Jumnit Hong and Eriko Nurvitadhi and Shih-Lien L. Lu},
 title = {Design, implementation, and verification of active cache emulator (ACE)},
 booktitle = {FPGA '06: Proceedings of the 2006 ACM/SIGDA 14th International Symposium on Field programmable gate arrays},
 year = {2006},
 isbn = {1-59593-292-5},
 pages = {63--72},
 location = {Monterey, California, USA},
 doi = {http://doi.acm.org/10.1145/1117201.1117211},
 publisher = {ACM Press},
 address = {New York, NY, USA},
 }

@article{rechard06misp,
 author = {Richard A. Hankins and Gautham N. Chinya and Jamison D. Collins and Perry H. Wang and Ryan Rakvic and Hong Wang and John P. Shen},
 title = {Multiple Instruction Stream Processor},
 journal = {SIGARCH Computer Architecture News},
 volume = {34},
 number = {2},
 year = {2006},
 issn = {0163-5964},
 pages = {114--127},
 doi = {http://dx.doi.org/10.1109/ISCA.2006.29},
 publisher = {ACM Press},
 address = {New York, NY, USA},
 }

@incollection{penry06hpca,
  author = {David A. Penry and Daniel Fay and David Hodgdon and Ryan Wells and Graham Schelle and David I. August and Daniel A. Connors},
  title = {Exploiting Parallelism and Structure to Accelerate the Simulation of Chip Multi-processors},
  booktitle	= {Proceedings of the 12th International Conference on High-Performance Computer Architecture},
  month		= {February},
  year		= {2006}}

@incollection{derek06warfp,
  author = {Derek Chiou and Huzefa Sanjeliwala and Dan Sunwoo and Zheng Xu and Nikhil Patil},
  title = {FPGA-based Fast, Cycle-Accurate, Full-System Simulators.},
  booktitle = {2nd Workshop on Architecture Research using FPGA Platforms, 12th International Symposium on High-Performance Computer Architecture (HPCA-12)},
  month     = {February},
  year      = {2006}}

@incollection{njoroge06warfp,
  author    = {Njoroge, Njuguna and Wee, Sewook and Casper, Jared and Burdick, Justin and Teslyar, Yuriy and Kozyrakis, Christos and Olukotun, Kunle},
  title     = {{Building and Using the ATLAS Transactional Memory System}},
  booktitle = {2nd Workshop on Architecture Research using FPGA Platforms, 12th International Symposium on High-Performance Computer Architecture (HPCA-12)},
  month     = {February},
  year      = {2006}}

@incollection{davis05FAST,
 author = {John D. Davis and Stephen E. Richardson and Charis Charitsis and Kunle Olukotun},
 title = {A chip prototyping substrate: the flexible architecture for simulation and testing (FAST)},
 journal = {SIGARCH Computer Architecture News},
 volume = {33},
 number = {4},
 year = {2005},
 issn = {0163-5964},
 pages = {34--43},
 doi = {http://doi.acm.org/10.1145/1105734.1105740},
 publisher = {ACM Press},
 address = {New York, NY, USA},
}

@inproceedings{mcdonald06semantics,
  author	= {McDonald, Austen and Chung, JaeWoong and Carlstrom, Brian D. and Cao Minh, Chi and Chafi, Hassan and Kozyrakis, Christos and Olukotun, Kunle},
  title		= {{Architectural Semantics for Practical Transactional Memory}},
  booktitle	= {ISCA '06: Proceedings of the 33rd annual international symposium on Computer Architecture},
  month		= {June},
  year		= {2006},
  isbn          = {0-7695-2608-X},
  pages         = {53--65},
  doi           = {http://dx.doi.org/10.1109/ISCA.2006.9},
  publisher     = {IEEE Computer Society},
  address       = {Washington, DC, USA},
}

@article{mcdonald:htm:micro:2007,
  Author        = {McDonald, Austen and Carlstrom, Brian D. and Chung, JaeWoong and Cao Minh, Chi and Chafi, Hassan and Kozyrakis, Christos and Olukotun, Kunle},
  Title         = {Transactional Memory: The Hardware-Software Interface},
  Journal       = {Micro's Top Picks, IEEE Micro},
  Volume        = {27},
  Number        = {1},
  Month         = {Jan/Feb},
  year          = {2007}
}

@inproceedings{ni07open,
 author = {Yang Ni and Vijay S. Menon and Ali-Reza Adl-Tabatabai and Antony L. Hosking and Richard L. Hudson and J. Eliot B. Moss and Bratin Saha and Tatiana
Shpeisman},
 title = {Open nesting in software transactional memory},
 booktitle = {PPoPP '07: Proceedings of the 12th ACM SIGPLAN symposium on
Principles and Practice of Parallel Programming},
 year = {2007},
 isbn = {978-1-59593-602-8},
 pages = {68--78},
 location = {San Jose, California, USA},
 doi = {http://doi.acm.org/10.1145/1229428.1229442},
 publisher = {ACM Press},
 address = {New York, NY, USA},
 }

@inproceedings{chung06common,
  author	= {Chung, JaeWoong and Chafi, Hassan and Cao Minh, Chi and McDonald, Austen and Carlstrom, Brian D. and Kozyrakis, Christos and Olukotun, Kunle},
  title		= {{The Common Case Transactional Behavior of Multithreaded Programs}},
  booktitle	= {Proceedings of the 12th International Conference on High-Performance Computer Architecture},
  month		= {February},
  year		= {2006},
}

@incollection{chung:xtm:asplos:2006,
  author        = {Chung, JaeWoong and Cao Minh, Chi and McDonald, Austen and Chafi, Hassan and Carlstrom, Brian D. and Skare, Travis and Kozyrakis, Christos and Olukotun, Kunle},
  title         = {Tradeoffs in Transactional Memory Virtualization},
  booktitle     = {ASPLOS-XII: Proceedings of the 12th international conference on Architectural support for programming languages and operating systems},
  month         = {October},
  year          = {2006},
  publisher     = {ACM Press},
}

@incollection{ptm:asplos:2006,
  author        = {Wei Chuang and Satish Narayanasamy and Ganesh Venkatesh and Jack Sampson and Michael Van Biesbrouck and Gilles Pokam and Osvaldo Colavin and Brad Calder},
  title         = {Unbounded Page-Based  Transactional Memory},
  booktitle     = {ASPLOS-XII: Proceedings of the 12th international conference on Architectural support for programming languages and operating systems},
  month         = {October},
  year          = {2006},
  publisher     = {ACM Press},
}

@inproceedings{torrellas:bulk:isca:2006,
  author = {Luis Ceze and James Tuck and Josep Torrellas and Calin Cascaval},
  title = {Bulk Disambiguation of Speculative Threads in Multiprocessors},
  booktitle = {ISCA '06: Proceedings of the 33rd International Symposium on Computer Architecture},
  year = {2006},
  isbn = {0-7695-2608-X},
  pages = {227--238},
  doi = {http://dx.doi.org/10.1109/ISCA.2006.13},
  publisher = {IEEE Computer Society},
  address = {Washington, DC, USA},
}

@incollection{ananian05scool,

  author	= {Ananian, C. Scott and Rinard, Martin},
  title		= {{Efficient Software Transactions for Object-Oriented Languages}},
  booktitle	= {OOPSLA 2005 Workshop on Synchronization and Concurrency in Object-Oriented Languages (SCOOL)},
  publisher     = {University of Rochester},
  month		= {October},
  year		= {2005}
}

@inproceedings{agarwal95mit,
    author = "Anant Agarwal and Ricardo Bianchini and David Chaiken and Kirk Johnson and David Kranz and John Kubiatowicz and Beng-Hong Lim and Ken Mackenzie and Donald Yeung",
    title = "{The MIT Alewife Machine: Architecture and Performance}",
    booktitle = "Proceedings of the 22nd Annual International Symposium on Computer Architecture ({ISCA}'95)",
    pages = "2--13",
    year = "1995",
    url = "citeseer.ist.psu.edu/article/agarwal95mit.html"
}

@inproceedings{cintra00scalable,
 author = {Cintra, Marcelo and Mart\'{i}nez, Jose F. and Torrellas, Josep},
 title = {{Architectural Support for Scalable Speculative Parallelization in Shared-memory Multiprocessors}},
 booktitle = {Proceedings of the 27th International Symposium on Computer architecture},
 year = {2000},
 address = {Vancouver, Canada},
 month = {June},
}
@inproceedings{steffan00scalable,
 author = {Steffan, J. Gregory and Colohan, Christopher B. and Zhai, Antonia and Mowry, Todd C.},
 title = {{A Scalable Approach to Thread-level Speculation}},
 booktitle = {Proceedings of the 27th International Symposium on Computer Architecture},
 year = {2000},
 address = {Vancouver, British Columbia, Canada},
 month = {June},
}

@article{stone93multiple,
author = {Stone, Janice M. and Stone, Harold S. and Heidelberger, Philip and Turek, John},
title = {{Multiple Reservations and the Oklahoma Update}},
journal = {IEEE Parallel and Distributed Technology},
volume = {01},
number = {4},
month = {November},
year = {1993},
pages = {58--71}
}

@article{rosenblum02lfs,
 author = {Mendel Rosenblum and John K. Ousterhout},
 title = {The design and implementation of a log-structured file system},
 journal = {ACM Transactions on Computer Systems},
 volume = {10},
 number = {1},
 year = {1992},
 pages = {26--52}
 }

@incollection{guerraoui05robust,
  author    = {Rachid Guerraoui and Maurice Herlihy and Michal Kapalka and Bastian Pochon},
  title     = {{Robust Contention Management in Software Transactional Memory}},
  booktitle = {OOPSLA 2005 Workshop on Synchronization and Concurrency in Object-Oriented Languages (SCOOL)},
  publisher = {University of Rochester},
  month     = {October},
  year      = {2005}
}

@inproceedings{adl06compiler,
 author = {Ali-Reza Adl-Tabatabai and Brian Lewis and Vijay Menon and Brian R. Murphy and Bratin Saha and
Tatiana Shpeisman},
 title = {Compiler and Runtime Support for Efficient Software Transactional Memory},
 booktitle = {PLDI '06: Proceedings of the 2006 ACM SIGPLAN Conference on Programming Language Design and Implementation},
 location = {Ottawa, Ontario, Canada},
 year = 2006,
 publisher = {ACM Press},
 address = {New York, NY, USA},
}

@inproceedings{bratin06hastm,
 author = {Bratin Saha and {Ali-Reza} {Adl-Tabatabai} and Quinn Jacobson},
 title = {Architectural Support for Software Transactional Memory},
 booktitle = {MICRO '06: Proceedings of the International Symposium on Microarchitecture},
 year = 2006
}

@inproceedings{harris06optimizing,
 author = {Tim Harris and Mark Plesko and Avraham Shinnar and David Tarditi},
 title = {Optimizing Memory Transactions},
 booktitle = {PLDI '06: Proceedings of the 2006 ACM SIGPLAN Conference on Programming Language Design and Implementation},
 location = {Ottawa, Ontario, Canada},
 year = 2006,
 publisher = {ACM Press},
 address = {New York, NY, USA},
}

@misc{larus05stupid,
  author = {Larus, J.},
  title = {It's the Software Stupid},
  howpublished = {Talk at the Workshop on Transactional Systems},
  month = {April},
  year = 2005
}

@inproceedings{prvulovic05remove,
 author = {Prvulovic, M. and Garzaran, M. and Rauchwerger, L. and Torrellas, J.},
 title = {Removing architectural bottlenecks to the scalability of speculative parallelization},
 booktitle = {Proceedings of the 28th International Symposium on Computer architecture},
 year = {2001},
 location = {Goeteborg, Sweden}
 }

@misc{kuszmaul03,
 author = "Bradley C. Kuszmaul and Charles E. Leiserson",
 title = "{Transactions Everywhere}",
 note= "MIT Laboratory for Computer Science, Research Abstract, 2003"
}

@inproceedings{marathe05adaptive,
 author = {Marathe, Virendra J. and Scherer III, William N. and Scott, Michael L.},
 title = {{Adaptive Software Transactional Memory}},
 booktitle = {19th International Symposium on Distributed Computing },
 year = {2005},
 month = {September},
}

@inproceedings{moore06logtm,
author={Moore, Kevin E. and Bobba, Jayaram and Moravan, Michelle J. and Hill, Mark D. and Wood, David A.},
title="{LogTM: Log-Based Transactional Memory}",
booktitle="{12th International Conference on High-Performance Computer Architecture}",
month={February},
year=2006
}

@inproceedings{carlstrom06atomos,
 author    = {Brian D. Carlstrom and Austen McDonald and Hassan Chafi and JaeWoong Chung and Cao Minh, Chi and Christos Kozyrakis and Kunle Olukotun},
 title     = {{The Atomos Transactional Programming Language}},
 booktitle = {PLDI '06: Proceedings of the 2006 ACM SIGPLAN Conference on Programming Language Design and Implementation},
 month     = {June},
 year      = {2006},
 isbn      = {1-59593-320-4},
 pages     = {1--13},
 location  = {Ottawa, Ontario, Canada},
 doi       = {http://doi.acm.org/10.1145/1133981.1133983},
 publisher = {ACM Press},
 address   = {New York, NY, USA},
}
                  
@InProceedings{nystrom05polyglot,
  author    = {Nathaniel Nystrom and Michael R. Clarkson and Andrew C. Myers},
  title     = {Polyglot: an extensible compiler framework for {Java}},
  booktitle = {CC 2005: International Conference on Compiler Construction},
  year      = {2003},
  month     = {April},
  date      = {7--11},
  location  = {Warsaw, Poland},
  publisher = {Springer-Verlag},
  editor    = {G\"{o}rel Hedin},
  volume    = {2622},
  series    = {Lecture Notes in Computer Science},
  isbn      = {3-540-00904-3},
  pages     = {138--152}
}
                  
@incollection{carlstrom:software:stmcs:2006,
  author        = {Carlstrom, Brian D. and Chung, JaeWoong and Kozyrakis, Christos and Olukotun, Kunle},
  title         = {The Software Stack for Transactional Memory: Challenges and Opportunities},
  booktitle     = {First Workshop on Software Tools for Multi-Core Systems},
  month         = {March},
  year          = {2006}
}

@inproceedings{chung06specjbb2000,
 author    = {JaeWoong Chung and Cao Minh, Chi and Brian D. Carlstrom and Christos Kozyrakis},
 title     = {{Parallelizing SPECjbb2000 with Transactional Memory}},
 booktitle = {Workshop on Transactional Memory Workloads},
 month     = {June},
 year      = {2006},
 location  = {Ottawa, Ontario, Canada},
 }

@inproceedings{kulkarni06delaunay,
 author    = {Milind Kulkarni and L. Paul Chew and Keshav Pingali},
 title     = {{Using Transactions in Delaunay Mesh Generation}},
 booktitle = {Workshop on Transactional Memory Workloads},
 month     = {June},
 year      = {2006},
 location  = {Ottawa, Ontario, Canada},
 }

@inproceedings{hwu87,
 author    = {Wen-mei W. Hwu and Yale. N. Patt},
 title     = {Checkpoint repair for out-of-order execution machines},
 booktitle = {Proceedings of the 14th International Symposium on Computer Architecture},
 month     = {June},
 year      = {1987},
}

@inproceedings{martonosi92,
 author = {Margaret Martonosi and Anoop Gupta and Thomas Anderson},
 title = "{MemSpy: analyzing memory system bottlenecks in programs}",
 booktitle = "{SIGMETRICS} '92/{PERFORMANCE} '92: Proceedings of the 1992 {ACM} {SIGMETRICS} joint International Conference on Measurement and Modeling of Computer Systems",
 year = {1992},
 isbn = {0-89791-507-0},
 pages = {1--12},
 location = {Newport, Rhode Island, United States},
 doi = {http://doi.acm.org/10.1145/133057.133079},
 publisher = {ACM Press},
}

@inproceedings{goldberg91,
 author = {Aaron J. Goldberg and John L. Hennessy},
 title = {Performance debugging shared memory multiprocessor programs with MTOOL},
 booktitle = {Supercomputing '91: Proceedings of the 1991 ACM/IEEE conference on Supercomputing},
 year = {1991},
 isbn = {0-89791-459-7},
 pages = {481--490},
 location = {Albuquerque, New Mexico, United States},
 doi = {http://doi.acm.org/10.1145/125826.126075},
 publisher = {ACM Press},
}

@article{reinhardt98hardware,
    author = "Steven K. Reinhardt and Robert W. Pfile and David A. Wood",
    title = "Hardware Support for Flexible Distributed Shared Memory",
    journal = "IEEE Transactions on Computers",
    volume = "47",
    number = "10",
    pages = "1056-1072",
    year = "1998",
    url = "citeseer.csail.mit.edu/22737.html",
}

@misc{vtune,
 title = "{Intel Corporation, \textit{VTune: a visual tuning environment}}",
 note = "\url{http://support.intel.com/support/performancetools/vtune/}",
}

@misc{infiniband,
 key = {Infiniband},
 title = "{Infiniband Trade Association, \textit{InfiniBand}}",
 note = "\url{http://www.infinibandta.org/}",
}

@inproceedings{zagha96performance,
    author = "Marco Zagha and Brond Larson and Steve Turner and Marty Itzkowitz",
    title = "Performance Analysis Using the {MIPS R10000} Performance Counters",
    year = "1996",
    url = "citeseer.ist.psu.edu/zagha96performance.html",
}

@article{363141,
 author = {Peter J. Denning},
 title = {The working set model for program behavior},
 journal = {Communications of the ACM},
 volume = {11},
 number = {5},
 year = {1968},
 issn = {0001-0782},
 pages = {323--333},
 doi = {http://doi.acm.org/10.1145/363095.363141},
 publisher = {ACM Press},
}

@article{rvm,
 author = {M. Satyanarayanan and Henry H. Mashburn and Puneet Kumar and David C. Steere and James J. Kistler},
 title = {{Lightweight Recoverable Virtual Memory}},
 journal = {ACM Transactions on Computer Systems},
 volume = {12},
 number = {1},
 year = {1994}
 }

@inproceedings{riovista,
 author = {Lowell, David E. and Chen, Peter M.},
 title = {{Free Transactions with Rio Vista}},
 booktitle = {Proceedings of the 16th symposium on Operating systems principles},
 year = {1997},
 address = {Saint Malo, France},
 month = {October},
 }

@book{wolfe,
author="Michael Wolfe",
title="High-Performance Compilers for Parallel Computing",
year="1995",
publisher="Addison-Wesley",
}

@inproceedings{flash,
author = "Jeffrey Kuskin and David Ofelt and Mark Heinrich and John Heinlein and Richard Simoni and Kourosh Gharachorloo and John Chapin and David Nakahira and Joel Baxter and Mark Horowitz and Anoop Gupta and Mendel Rosenblum and John Hennessy",
title="The Stanford FLASH Multiprocessor",
pages="302--313",
year="1994",
booktitle = "Proceedings of the 21st International Symposium on Computer Architecture",
}

@inproceedings{dean97profileme,
author = "Jeffrey Dean and James E. Hicks and Carl A. Waldspurger and William E. Weihl and George Z. Chrysos",
title = " ProfileMe : Hardware Support for Instruction-Level Profiling on Out-of-Order Processors",
booktitle = "International Symposium on Microarchitecture",
pages = "292--302",
year = "1997",
url = "citeseer.ist.psu.edu/dean97profileme.html",
}

@inproceedings{776294,
author = {Michael Chen and Kunle Olukotun},
title = {{TEST}: a tracer for extracting speculative threads},
booktitle = {CGO '03: Proceedings of the international symposium on Code generation and optimization},
year = {2003},
isbn = {0-7695-1913-X},
pages = {301--312},
location = {San Francisco, California},
publisher = {IEEE Computer Society},
}

@InProceedings{garzaran03,
 author = {Mar\'{i}a Jes\'{u}s Garzar\'{a}n and Milos Prvulovic and Jos\'{e} Mar\'{i}a Llaber\'{i}a and V\'{i}ctor Vi{\~n}als and Lawrence Rauchwerger and Josep Torrellas},
 title = {Tradeoffs in Buffering Memory State for Thread-Level Speculation in Multiprocessors},
 booktitle = {HPCA '03: Proceedings of the 9th International Symposium on High-Performance Computer Architecture},
 month = {February},
 year = {2003},
 isbn = {0-7695-1871-0},
 pages = {191},
 publisher = {IEEE Computer Society},
 address = {Washington, DC, USA},
}

@InProceedings{ananian05,
    author = {C. Scott Ananian and Krste Asanovi\'c and Bradley C. Kuszmaul and Charles E. Leiserson and Sean Lie},
    title = {{Unbounded Transactional Memory}},
    booktitle = {Proceedings of the 11th International Symposium on High-Performance Computer Architecture (HPCA'05)},
    address = {San Francisco, California},
    month = {February},
    year = {2005},
    pages = {316--327},
}

@inproceedings{zilles01programmable,
    author = "Craig B. Zilles and Gurindar S. Sohi",
    title = "A Programmable Co-Processor for Profiling",
    booktitle = "{HPCA}",
    pages = "241-",
    year = "2001",
    url = "citeseer.csail.mit.edu/zilles01programmable.html",
}

@techreport{shen03,
author      = "Xaiowei Shen" ,
title       = "{BET}, Best-Effort Transaction",
institution = "{{IBM} T. J. Watson Research Center}" ,
number      = "CMU-CS-97-178" ,
month       = "May",
year        = "2003" ,
}
@techreport{spark98,
author      = "David R. O'Hallaron" ,
title       = "\textit{Spark98: Sparse Matrix Kernels for Shared Memory and Message Passing Systems}",
institution = "School of Computer Science, Carnegie Mellon University" ,
number      = "CMU-CS-97-178" ,
month       = "October",
year        = "1997" ,
}

@ARTICLE{adve96shared,
 author = "Sarita V. Adve and Kourosh Gharachorloo",
 title = "Shared Memory Consistency Models: {A} Tutorial",
 journal = "IEEE Computer",
 month = "December",
 year = "1996",
 volume = "29",
 number = "12",
 pages = "66--76",
 url = "citeseer.ist.psu.edu/adve95shared.html",
}

@ARTICLE{bossen02power4,
 author = "Douglas C. Bossen and Joel M. Tendler and Kevin Reick",
 title = "{POWER4} system design for high reliability",
 journal = "IEEE Micro",
 month = "March--April",
 year = "2002",
 volume = "22",
 number = "2",
 pages = "16--24",
}

@ARTICLE{Charlesworth98starfire,
 author = "Alan Charlesworth",
 title = "Starfire: Extending the SMP Envelope",
 journal = "IEEE Micro",
 month = "January--February",
 year = "1998",
 volume = "18",
 number = "1",
 pages = "39--49",
}

@ARTICLE{dubois88synchronization,
 author = "Michel Dubois and Christoph Scheurich and Fay\'{e} A. Briggs",
 title = "Synchronization, Coherence, and Event Ordering in Multiprocessors",
 journal = "IEEE Computer",
 month = "February",
 year = "1988",
}

@ARTICLE{franklin96arb,
 author = "Manoj Franklin and Gurindar S. Sohi",
 title = "{ARB}: A hardware mechanism for dynamic reordering of memory references",
 journal = "IEEE Transactions on Computers",
 month = "May",
 year = "1996",
 volume = "45",
 number = "5",
 pages = "552--571",
}

@ARTICLE{hammond00stanford,
 author  = "Lance Hammond and Benedict A. Hubbert and Michael Siu and Manohar K. Prabhu and Michael Chen and Kunle Olukotun",
 title   = "The {Stanford} {Hydra} {CMP}",
 journal = "IEEE Micro",
 volume  = "20",
 number  = "2",
 pages   = "71--84",
 month   = "March/April",
 year    = "2000",
}

@ARTICLE{krishnan99chip,
 author   = "Venkata Krishnan and Josep Torrellas",
 title    = "A Chip Multiprocessor Architecture with Speculative Multithreading",
 journal  = "IEEE Transactions on Computers, Special Issue on Multithreaded Architecture",
 volume   = "48",
 number   = "9",
 pages    = "866--880",
 month    = "September",
 year     = "1999",
}

@ARTICLE{kung81optimistic,
 author = "H. T. Kung and John T. Robinson",
 title = "On Optimistic Methods for Concurrency Control",
 journal = "ACM Transactions on Database Systems",
 month = "June",
 year = "1981",
 volume = "6",
 number = "2",
}

@ARTICLE{lamport79how,
 author = "Leslie Lamport",
 title = "How to make a Multiprocessor Computer that Correctly Executes Multiprocess Programs",
 journal = "IEEE Transactions on Computers",
 year = "1979",
 volume = "28",
 number = "9",
 pages = "690--691",
}

@ARTICLE{mcnairy03itanium,
 author = "Cameron McNairy and Don Soltis",
 title = "Itanium 2 Processor Microarchitecture",
 journal = "IEEE Micro",
 month = "March--April",
 year = "2003",
 volume = "23",
 number = "2",
 pages = "44--55",
}

@BOOK{arnold02java,
 author    = "Ken Arnold and James Gosling and David Holmes",
 title     = "The {Java} Programming Language",
 edition   = "Third",
 publisher = "Addison-Wesley Professional",
 year      = "2002",
}

@inproceedings{gray81transaction,
 author    = "Jim Gray",
 title     = "The Transaction Concept: Virtues and Limitations",
 booktitle = "Proceedings of the 7th International Conference on Very Large Data Bases",
 location  = {Cannes, France},
 pages     = "144-154",
 year      = "1981",
 publisher = {IEEE Computer Society},
}

@BOOK{gray93transaction,
 author = "Jim Gray and Andreas Reuter",
 title = "Transaction Processing: Concepts and Techniques",
 publisher = "Morgan Kaufmann",
 year = "1993",
}

@BOOK{gropp94using,
 author = "William Gropp and Ewing Lusk and Anthony Skjellum",
 title = "Using {MPI}: Portable Parallel Programming with the Message Passing Interface",
 publisher = "MIT Press",
 year = "1994",
}

@BOOK{lewis98multithreaded,
 author = "Bil Lewis and Daniel J. Berg",
 title = "Multithreaded Programming with Pthreads",
 publisher = "Prentice Hall",
 year = "1998",
}

@INPROCEEDINGS{adve90weak,
 author = "Sarita V. Adve and Mark. D. Hill",
 title = "Weak Ordering: A New Definition",
 booktitle = "Proceedings of the 17th Annual International Symposium on Computer Architecture",
 month = "June",
 year = "1990",
}

@INPROCEEDINGS{agarwal00clock,
 author    = "Vikas Agarwal and M. S. Hrishikesh and Stephen W. Keckler and Doug Burger",
 title     = "Clock rate versus {IPC}: the end of the road for conventional microarchitectures",
 booktitle = "Proceedings of the 27th Annual International Symposium on Computer Architecture",
 year      = "2000",
 pages     = "248--259",
 url       = "citeseer.ist.psu.edu/agarwal00clock.html",
}

@INPROCEEDINGS{agarwal88evaluation,
 author = "Anant Agarwal and Richard Simoni and John L. Hennessy and Mark A. Horowitz",
 title = "An Evaluation of Directory Schemes for Cache Coherence",
 booktitle = "Proceedings of the 15th International Symposium on Computer Architecture",
 month = "June",
 year = "1988",
}

@INPROCEEDINGS{ahmed02amd,
 author = "Ardsher Ahmed and Pat Conway and Bill Hughes and Fred Weber",
 title = "AMD Hammer",
 booktitle = "Conference Record of Hot Chips 14",
 month = "August",
 year = "2002",
 address = "Stanford, CA",
}

@INPROCEEDINGS{barroso00piranha,
 author     = "Luiz Andr\'{e} Barroso and Kourosh Gharachorloo and Robert McNamara and Andreas Nowatzyk and Shaz Qadeer and Barton Sano and Scott Smith and Robert Stets and Ben Verghese",
 title      = "Piranha: A Scalable Architecture Based on Single-Chip Multiprocessing",
 booktitle  = "Proceedings of the 27th Annual International Symposium on Computer Architecture",
 month      = "June",
 year       = "2000",
 address    = {Vancouver, Canada},
 url        = "citeseer.ist.psu.edu/barroso00piranha.html",
}

@INPROCEEDINGS{bilas97real,
 author = "Angelos Bilas and Jason Fritts and Jaswinder Pal Singh",
 title = "Real-time parallel MPEG-2 Decoding in Software",
 booktitle = "Proceedings 11th International Parallel Processing Symposium",
 year = "1997",
}

@INPROCEEDINGS{chen03jrpm,
 author = "Michael K. Chen and Kule Olukotun",
 title = "The {Jrpm} System for Dynamically Parallelizing {Java} Programs",
 booktitle = "Proceedings of the 30th International Symposium on Computer Architecture",
 month = "June",
 year = "2003",
 pages = "434--445",
}

@INPROCEEDINGS{dubois91delayed,
 author = "Michel Dubois and Jin-Chin Wang and Luiz Barroso and Kangwoo Lee and Yang-Syau Chen",
 title = "Delayed Consistency and Its Effects on the Miss Rate of Parallel Programs",
 booktitle = "Proceedings of Supercomputing 91",
 month = "November",
 year = "1991",
}

@INPROCEEDINGS{gharachorloo90memory,
 author = "Kourosh Gharachorloo and Daniel Lenoski and James Laudon and Phillip Gibbons and Anoop Gupta and John Hennessey",
 title = "Memory Consistency and Event Ordering in Scalable Shared-Memory Multiprocessors",
 booktitle = "Proceedings of the 17th International Symposium on Computer Architecture",
 month = "June",
 year = "1990",
}

@INPROCEEDINGS{gniady99issc,
 author = "Chris Gniady and Babak Falsafi and T.N. Vijaykumar",
 title = "Is SC + ILP = RC",
 booktitle = "Proceedings of the 26th Annual International Symposium on Computer Architecture",
 month = "May",
 year = "1999",
 pages = "162--171",
}

@INPROCEEDINGS{goodman83using,
 author = "James R. Goodman",
 title = "Using Cache Memory to Reduce Processor-Memory Traffic",
 booktitle = "Proceedings of the 10th Annual International Symposium on Computer Architecture",
 month = "June",
 year = "1983",
 pages = "124--131",
}

@INPROCEEDINGS{gopal98speculative,
 author = "Sridhar Gopal and T.N. Vijaykumar and James E. Smith and Gurindar S. Sohi",
 title = "Speculative Versioning Cache",
 booktitle = "Proceedings of the Fourth International Symposium on High-Performance Computer Architecture",
 month = "February",
 year = "1998",
}

@InProceedings{WJH04,
  author    = {Adam Welc and Suresh Jagannathan and Antony L. Hosking},
  title     = {Transactional monitors for concurrent objects},
  booktitle = {Proceedings of the European Conference on Object-Oriented Programming},
  year      = {2004},
  month     = {June},
  location  = {Oslo, Norway},
  publisher = {Springer-Verlag},
  editor    = {Martin Odersky},
  volume    = {3086},
  series    = {Lecture Notes in Computer Science},
  isbn      = {3-540-22159-X},
  pages     = {519--542}
}

@InProceedings{VJWH04,
  author    = {Jan Vitek and Suresh Jagannathan and Adam Welc and Antony L. Hosking},
  title     = {A Semantic Framework for Designer Transactions},
  booktitle = {Proceedings of the European Symposium on Programming},
  year      = {2004},
  month     = {April},
  location  = {Barcelona, Spain},
  publisher = {Springer-Verlag},
  editor    = {David A. Schmidt},
  volume    = {2986},
  series    = {Lecture Notes in Computer Science},
  isbn      = {3-540-21313-9},
  pages     = {249--263}
}

@INPROCEEDINGS{charles05x10,
 author = {Philippe Charles and Christian Grothoff and Vijay Saraswat and Christopher Donawa and Allan Kielstra and Kemal Ebcioglu and Christoph von Praun and Vivek Sarkar},
 title = {X10: an object-oriented approach to non-uniform cluster computing},
 booktitle = {OOPSLA '05: Proceedings of the 20th annual ACM SIGPLAN conference on Object oriented programming systems languages and applications},
 year = {2005},
 isbn = {1-59593-031-0},
 pages = {519--538},
 location = {San Diego, CA, USA},
 doi = {http://doi.acm.org/10.1145/1094811.1094852},
 publisher = {ACM Press},
 address = {New York, NY, USA},
}

@BOOK{allen05fortress,
 author    = "Eric Allen and David Chase and Victor Luchangco and Jan-Willem Maessen and Sukyoung Ryu and Steele, Jr., Guy L. and Sam Tobin-Hochstadt",
 title     = "The Fortress Language Specification",
 publisher = "Sun Microsystems",
 year      = "2005",
}

@BOOK{cray05chapel,
 author    = "Cray",
 title     = "Chapel Specification",
 day       = "4",
 month     = "February",
 year      = "2005",
}

@INPROCEEDINGS{harris03language,
 author    = {Tim Harris and Keir Fraser},
 title     = {Language support for lightweight transactions},
 booktitle = {OOPSLA '03: Proceedings of the 18th annual ACM SIGPLAN conference on Object-oriented programing, systems, languages, and applications},
 year      = {2003},
 isbn      = {1-58113-712-5},
 pages     = {388--402},
 location  = {Anaheim, California, USA},
 doi       = {http://doi.acm.org/10.1145/949305.949340},
 publisher = {ACM Press},
}

@INPROCEEDINGS{harris04exceptions,
 author    = {Tim Harris},
 title     = {Exceptions and side-effects in atomic blocks},
 booktitle = {2004 PODC Workshop on Concurrency and Synchronization in {Java} Programs},
 month     = {July},
 year      = {2004},
 location  = {St Johns, Newfoundland, Canada},
}

@INPROCEEDINGS{harris05composable,
 author = {Tim Harris and Simon Marlow and Simon Peyton-Jones and Maurice Herlihy},
 title = {Composable memory transactions},
 booktitle = {PPoPP '05: Proceedings of the tenth ACM SIGPLAN symposium on Principles and practice of parallel programming},
 month     = {July},
 year = {2005},
 isbn = {1-59593-080-9},
 pages = {48--60},
 location = {Chicago, IL, USA},
 doi = {http://doi.acm.org/10.1145/1065944.1065952},
 publisher = {ACM Press},
 address = {New York, NY, USA},
}

@inproceedings{wojciechowski05isolation,
 author = {Pawe\l T. Wojciechowski},
 title = {Isolation-only transactions by typing and versioning},
 booktitle = {PPDP '05: Proceedings of the 7th ACM SIGPLAN international conference on Principles and practice of declarative programming},
 year = {2005},
 isbn = {1-59593-090-6},
 pages = {70--81},
 location = {Lisbon, Portugal},
 doi = {http://doi.acm.org/10.1145/1069774.1069781},
 publisher = {ACM},
 address = {New York, NY, USA},
 }

@inproceedings{ringenburg05atomcaml,
 author = {Michael F. Ringenburg and Dan Grossman},
 title = {{AtomCaml}: first-class atomicity via rollback},
 booktitle = {ICFP '05: Proceedings of the tenth ACM SIGPLAN international conference on Functional programming},
 year = {2005},
 isbn = {1-59593-064-7},
 pages = {92--104},
 location = {Tallinn, Estonia},
 doi = {http://doi.acm.org/10.1145/1086365.1086378},
 publisher = {ACM Press},
 address = {New York, NY, USA},
 }

@inproceedings{blundell05deconstructing,
 author = {Colin Blundell and E. Christopher Lewis and Milo M. K. Martin},
 title = {Deconstructing Transactional Semantics: The Subtleties of Atomicity},
 booktitle = {Workshop on Duplicating, Deconstructing, and Debunking (WDDD)},
 day = {4},
 month = {June},
 year = {2005},
 location = {Madison, Wisconsin},
 }

@article{blundell06subtleties,
 author = {Colin Blundell and E. Christopher Lewis and Milo M. K. Martin},
 title = {Subtleties of Transactional Memory Atomicity Semantics},
 journal = {IEEE Computer Architecture Letters},
 volume = {5},
 number = {2},
 month = {July--December},
 year = {2006},
 doi = {http://doi.ieeecomputersociety.org/10.1109/L-CA.2006.18},
 }

@misc{herlihy05sxm,
 author       = {Maurice Herlihy},
 title        = {{SXM}: C\# Software Transactional Memory},
 howpublished = "\url{http://research.microsoft.com}",
 month        = {May},
 year         = {2006},
}

@inproceedings{herlihy03obstructionfree,
 author = {Maurice Herlihy and Victor Luchangco and Mark Moir},
 title = {Obstruction-free synchronization: double-ended queues as an example},
 booktitle = {The 23rd International Conference on Distributed Computing Systems},
 day = {19--22},
 month = {May},
 year = {2003},
 issn = {1063-6927},
 isbn = {0-7695-1920-2},
 pages = {522--529},
 location = {Providence, Rhode Island, USA},
 doi = {http://doi.ieeecomputersociety.org/10.1109/ICDCS.2003.1203503},
 publisher = {ACM Press},
 address = {New York, NY, USA},
 }

@inproceedings{valois95lockfree,
 author = {John D. Valois},
 title = {Lock-free linked lists using compare-and-swap},
 booktitle = {PODC '95: Proceedings of the fourteenth annual ACM symposium on Principles of distributed computing},
 year = {1995},
 isbn = {0-89791-710-3},
 pages = {214--222},
 location = {Ottowa, Ontario, Canada},
 doi = {http://doi.acm.org/10.1145/224964.224988},
 publisher = {ACM},
 address = {New York, NY, USA},
 }

@inproceedings{michael02lockfree,
 author = {Maged M. Michael},
 title = {High performance dynamic lock-free hash tables and list-based
   sets},
 booktitle = {SPAA '02: Proceedings of the fourteenth annual ACM
   symposium on Parallel algorithms and architectures},
 year = {2002},
 isbn = {1-58113-529-7},
 pages = {73--82},
 location = {Winnipeg, Manitoba, Canada},
 doi = {http://doi.acm.org/10.1145/564870.564881},
 publisher = {ACM},
 address = {New York, NY, USA},
 }

@inproceedings{barnes93lockfree,
 author = {Greg Barnes},
 title = {A method for implementing lock-free shared-data structures},
 booktitle = {SPAA '93: Proceedings of the fifth annual ACM symposium on Parallel algorithms and architectures},
 year = {1993},
 isbn = {0-89791-599-2},
 pages = {261--270},
 location = {Velen, Germany},
 doi = {http://doi.acm.org/10.1145/165231.165265},
 publisher = {ACM},
 address = {New York, NY, USA},
 }

@article{herlihy91waitfree,
 author = {Maurice Herlihy},
 title = {Wait-free synchronization},
 journal = {ACM Transactions on Programming Languages and Systems},
 volume = {13},
 number = {1},
 year = {1991},
 issn = {0164-0925},
 pages = {124--149},
 doi = {http://doi.acm.org/10.1145/114005.102808},
 publisher = {ACM},
 address = {New York, NY, USA},
 }

@inproceedings{herlihy06flexible,
 author = {Maurice Herlihy and Victor Luchangco and Mark Moir},
 title = {A flexible framework for implementing software transactional memory},
 booktitle = {OOPSLA '06: Proceedings of the 21st annual ACM SIGPLAN conference on Object-oriented programming systems, languages, and applications},
 year = {2006},
 isbn = {1-59593-348-4},
 pages = {253--262},
 location = {Portland, Oregon, USA},
 doi = {http://doi.acm.org/10.1145/1167473.1167495},
 publisher = {ACM Press},
 address = {New York, NY, USA},
 }

@INPROCEEDINGS{herlihy03software,
 author = {Maurice Herlihy and Victor Luchangco and Mark Moir and William N. Scherer, III},
 title = {Software transactional memory for dynamic-sized data structures},
 booktitle = {PODC '03: Proceedings of the twenty-second annual symposium on Principles of distributed computing},
 month = "July",
 year = {2003},
 isbn = {1-58113-708-7},
 pages = {92--101},
 location = {Boston, Massachusetts},
 doi = {http://doi.acm.org/10.1145/872035.872048},
 publisher = {ACM Press},
 address = {New York, NY, USA},
}

@INPROCEEDINGS{herlihy93transactional,
 author = "Maurice Herlihy and J. Eliot B. Moss",
 title = "Transactional Memory: Architectural Support for Lock-Free Data Structures",
 booktitle = "Proceedings of the 20th International Symposium on Computer Architecture",
 year = "1993",
 pages = "289--300",
}

@mastersthesis{carlstrommitthesis,
 author = "Brian D. Carlstrom",
 school = "Massachusetts Institute of Technology",
 title = "Embedding {Scheme} in {Java}",
 year = "2001",
 month = "February",
}

@Manual{Shivers+:scshman1,
  title = {Scsh Reference Manual},
  author = {Olin Shivers and Brian D.~Carlstrom},
  edition = {0.3},
  month = {December},
  year = 1994,
  note = {Current version of manual available at \url{http://www.scsh.net}.}
  }

@book{edisonquote,
 author = {James D. Newton},
 title = {Uncommon Friends: Life with Thomas Edison, Henry Ford, Harvey Firestone, Alexis Carrel \& Charles Lindbergh},
 year = {1987},
 isbn = {0151927537},
 publisher = {Harcourt},
}

@INPROCEEDINGS{hammond04transactional,
 author = "Lance Hammond and Vicky Wong and Mike Chen and Brian D. Carlstrom and John D. Davis and Ben Hertzberg and Manohar K. Prabhu and Honggo Wijaya and Christos Kozyrakis and Kunle Olukotun",
 title = "Transactional Memory Coherence and Consistency",
 booktitle = "Proceedings of the 31st International Symposium on Computer Architecture",
 month = "June",
 year = "2004",
 pages = "102--113",
}

@INPROCEEDINGS{hydratls,
 author = {Lance Hammond and Mark Willey and Kunle Olukotun},
 title = {Data Speculation Support for a Chip Multiprocessor},
 booktitle = {Proceedings of the 8th International Conference on Architecture Support for Programming Languages and Operating Systems},
 month =  {October},
 year =  1998 ,
 address = {San Jose, CA},
}

@INPROCEEDINGS{kalla03simultaneous,
 author = "Ron Kalla and Balaram Sinharoy and Joel Tendler",
 title = "Simultaneous Multi-threading Implementation in {POWER5}",
 booktitle = "Conference Record of Hot Chips 15 Symposium",
 month = "August",
 year = "2003",
 address = "Stanford, CA",
}

@INPROCEEDINGS{keleher99lazy,
 author = "Pete Keleher and Alan L. Cox and Willy Zwaenepoel",
 title = "Lazy Release Consistency for Software Distributed Shared Memory",
 booktitle = "Proceedings of the Fifth International Symposium on High-Performance Computer Architecture",
 year = "1999",
 pages = "279--283",
 address = "Orlando, FL"
}

@INPROCEEDINGS{knight86architecture,
 author = {Tom Knight},
 title = {An architecture for mostly functional languages},
 booktitle = {LFP '86: Proceedings of the 1986 ACM conference on LISP and functional programming},
 month = "August",
 year = {1986},
 isbn = {0-89791-200-4},
 pages = {105--112},
 location = {Cambridge, Massachusetts, United States},
 doi = {http://doi.acm.org/10.1145/319838.319854},
 publisher = {ACM Press},
 address = {New York, NY, USA},
}

@INPROCEEDINGS{kontothanassis95lazy,
 author = "Leonidas I. Kontothanassis and Michael L. Scott and Ricardo Bianchini",
 title = "Lazy Release Consistency for Hardware-Coherent Multiprocessors",
 booktitle = "Proceedings of Supercomputing '95",
 month = "December",
 year = "1995",
 address = "San Diego, CA",
}

@INPROCEEDINGS{lee97mediabench,
 author = "Chunho Lee and Miodrag Potkonjak and William H. Mangione-Smith",
 title = "MediaBench: A Tool for Evaluating and Synthesizing Multimedia and Communication Systems",
 booktitle = "Proceedings of the 30th Annual International Symposium on Microarchitecture",
 month = "December",
 year = "1997",
 address = "Research Triangle Park, NC",
}

@inproceedings{laudon97sgi,
 author = {James Laudon and Daniel Lenoski},
 title = {{The SGI Origin: a ccNUMA highly scalable server}},
 booktitle = {ISCA '97: Proceedings of the 24th annual international symposium on Computer architecture},
 year = {1997},
 isbn = {0-89791-901-7},
 pages = {241--251},
 location = {Denver, Colorado, United States},
 doi = {http://doi.acm.org/10.1145/264107.264206},
 publisher = {ACM Press},
 address = {New York, NY, USA},
 }

@INPROCEEDINGS{lenoski90directory,
 author = "Daniel Lenoski and James Laudon and Kourosh Gharachorloo and Anoop Gupta and John L. Hennessy",
 title = "The Directory-Based Cache Coherence Protocol for the DASH Multiprocessor",
 booktitle = "Proceedings of the 17th International Symposium on Computer Architecture",
 month = "June",
 year = "1990",
}

@article{lenoski92stanford,
 author = {Daniel Lenoski and James Laudon and Kourosh Gharachorloo and Wolf-Dietrich Weber and Anoop Gupta and John Hennessy and Mark Horowitz and Monica S. Lam},
 title = {The Stanford Dash Multiprocessor},
 journal = {Computer},
 volume = {25},
 number = {3},
 year = {1992},
 issn = {0018-9162},
 pages = {63--79},
 doi = {http://dx.doi.org/10.1109/2.121510},
 publisher = {IEEE Computer Society Press},
 address = {Los Alamitos, CA, USA},
 }

@inproceedings{martonosi96integrating,
author = "Margaret Martonosi and David Ofelt and Mark Heinrich",
title = "Integrating Performance Monitoring and Communication in Parallel Computers",
booktitle = "Measurement and Modeling of Computer Systems",
pages = "138--147",
year = "1996",
url = "citeseer.ist.psu.edu/martonosi96integrating.html",
}

@INPROCEEDINGS{martin03token,
 author = "Milo M. K. Martin and Mark D. Hill and David A. Wood",
 title = "Token Coherence: Decoupling Performance and Correctness",
 booktitle = "Proceedings of the 30th International Symposium on Computer Architecture",
 month = "June",
 year = "2003",
 pages = "182--193",
}

@INPROCEEDINGS{martinez02speculative,
 author = {Jos\'{e} F. Mart\'{i}nez and Josep Torrellas},
 title = {Speculative synchronization: applying thread-level speculation to explicitly parallel applications},
 booktitle = {ASPLOS-X: Proceedings of the 10th international conference on Architectural support for programming languages and operating systems},
 month = "October",
 year = {2002},
 isbn = {1-58113-574-2},
 pages = {18--29},
 location = {San Jose, California},
 doi = {http://doi.acm.org/10.1145/605397.605400},
 publisher = {ACM Press},
 address = {New York, NY, USA},
}

@InProceedings{specpar95,
  author =       {Lawrence Rauchwerger and David Padua},
  title =        {LRPD Test: Speculative Run-Time Parallelization of Loops with Privatization and Reduction Parallelization},
  booktitle =    {Proceedings of the Conference on Programming Language Design and Implementation},
  month =        {June},
  year =         {1995},
}

@InProceedings{jouppi90,
  author =       {Norman P. Jouppi},
  title =        {Improving Direct-Mapped Cache Performance by the Addition of a Small Fully-Associative Cache and Prefetch Buffers},
  booktitle =    {Proceedings of the International Symposium on Computer Architecture},
  month =        {May},
  year =         1990,
}

@INPROCEEDINGS{niagara,
 author     = "Poonacha Kongetira",
 title      = "A 32-way Multithreaded {Sparc} Processor",
 booktitle  = "Conference Record of Hot Chips 16",
 month      = "August",
 year       = 2004,
 address    = "Stanford, CA",
}

@ARTICLE{kongetira05niagara,
 author  = "Poonacha Kongetira and Kathirgamar Aingaran and Kunle Olukotun",
 title   = "Niagara: A 32-Way Multithreaded {Sparc} Processor",
 journal = "IEEE Micro",
 month   = "March--April",
 year    = "2005",
 volume  = "25",
 number  = "2",
 pages   = "21--29",
}

@INPROCEEDINGS{montecito,
 author = "C. McNairy and R. Bhatia",
 title = "Montecito: The next product in the {Itanium} Processor Family",
 booktitle = "Conference Record of Hot Chips 16",
 month = "August",
 year = "2004",
 address = "Stanford, CA",
}

@INPROCEEDINGS{mowry98potential,
 author = {J. Gregory Steffan and Todd C. Mowry},
 title = {The Potential for Using Thread-Level Data Speculation to Facilitate Automatic Parallelization},
 booktitle = {HPCA '98: Proceedings of the 4th International Symposium on High-Performance Computer Architecture},
 year = {1998},
 isbn = {0-8186-8323-6},
 pages = {2},
 publisher = {IEEE Computer Society},
 address = {Washington, DC, USA},
}

@INPROCEEDINGS{olukotun99improving,
 author = "Kunle Olukotun and Lance Hammond and Mark Willey",
 title = "Improving the Performance of Speculatively Parallel Applications on the Hydra CMP",
 booktitle = "Proceedings of the 1999 ACM International Conference on Supercomputing {ICS-99}",
 month = "June",
 year = "1999",
 pages = "21--30",
 address = "Rhodes, Greece",
}

@INPROCEEDINGS{oplinger02enhancing,
 author = "Jeff Oplinger and Monica S. Lam",
 title = "Enhancing Software Reliability with Speculative Threads",
 booktitle = "Proceedings of the 10th International Conference on Architectural Support for Programming Languages and Operating Systems",
 month = "October",
 year = "2002",
 pages = "184--196",
}

@INPROCEEDINGS{papamarcos84low,
 author = "Mark S. Papamarcos and Janak H. Patel",
 title = "A Low Overhead Coherence Solution for Multiprocessors with Private Cache Memories",
 booktitle = "Proceedings of the 11th Annual International Symposium on Computer Architecture",
 month = "June",
 year = "1984",
}

@INPROCEEDINGS{prabhu03using,
 author = "Manohar K. Prabhu and Kunle Olukotun",
 title = "Using Thread-Level Speculation to Simplify Manual Parallelization",
 booktitle = "Proceedings of the Principles and Practice of Parallel Programming",
 year = "2003",
 pages = "1--12",
}

@inproceedings{rajwar01speculative,
 author    = {Ravi Rajwar and James R. Goodman},
 title     = "{Speculative Lock Elision: Enabling Highly Concurrent Multithreaded Execution}",
 booktitle = "{MICRO 34: Proceedings of the 34th annual ACM/IEEE International Symposium on Microarchitecture}",
 year      = {2001},
 isbn      = {0-7695-1369-7},
 pages     = {294--305},
 location  = {Austin, Texas},
 publisher = {IEEE Computer Society},
}

@INPROCEEDINGS{rajwar02transactional,
 author = {Ravi Rajwar and James R. Goodman},
 title = {Transactional lock-free execution of lock-based programs},
 booktitle = {ASPLOS-X: Proceedings of the 10th international conference on Architectural support for programming languages and operating systems},
 month = "October",
 year = {2002},
 isbn = {1-58113-574-2},
 pages = {5--17},
 location = {San Jose, California},
 doi = {http://doi.acm.org/10.1145/605397.605399},
 publisher = {ACM Press},
 address = {New York, NY, USA},
}

@misc{click2005azultutorial,
  author       = {Cliff Click},
  title        = {A Tour inside the {Azul} 384-way {Java} Appliance},
  howpublished = {Tutorial held in conjunction with the Fourteenth International Conference on Parallel Architectures and Compilation Techniques (PACT)},
  month        = {September},
  year         = 2005
}

@misc{click2007lockfreehashtable,
  author       = {Cliff Click},
  title        = {A Lock-Free HashTable},
  howpublished = {JavaOne Conference},
  day          = {10},
  month        = {May},
  year         = 2006,
  location     = {San Francisco, California},
}

@inproceedings{sirocco,
 author = {Ioannis Schoinas and Babak Falsafi and Mark D. Hill and James R. Larus and David A. Wood},
 title = {{Sirocco: Cost-Effective Fine-Grain Distributed Shared Memory}},
 booktitle = {Proceedings of the International Conference on Parallel Architectures and Compilation Techniques},
 year = {1998},
 month = {September},
 }

@inproceedings{shasta,
 author = {Scales, Daniel J. and Gharachorloo, Kourosh and Thekkath, Chandramohan A.},
 title = {{Shasta: a Low Overhead, Software-only Approach for Supporting Fine-grain Shared Memory}},
 booktitle = {Proceedings of the 7th International Conference on Architectural Support for Programming Languages and Operating Systems},
 year = {1996},
 address = {Cambridge, MA},
 month = {October},
 }

@INPROCEEDINGS{rajwar05virtualizing,
 author = {Ravi Rajwar and Maurice Herlihy and Konrad Lai},
 title = {{Virtualizing Transactional Memory}},
 booktitle = {ISCA '05: Proceedings of the 32nd Annual International Symposium on Computer Architecture},
 month     = {June},
 year = {2005},
 isbn = {0-7695-2270-X},
 pages = {494--505},
 doi = {http://dx.doi.org/10.1109/ISCA.2005.54},
 publisher = {IEEE Computer Society},
 address = {Washington, DC, USA},
}

@INPROCEEDINGS{cohdec,
 author = "Jaehyuk Huh and Jichuan Chang and Doug Burger. and Gurindar S. Sohi",
 title = "Coherence Decoupling: Making Use of Incoherence",
 booktitle = "Proceedings of the 11th International Conference on Architectural Support for Programming Languages and Operating Systems",
 month = "October",
 year = "2004",
}

@INPROCEEDINGS{raman03ultrasparc,
 author = "Sanjiv Kapil",
 title = "{UltraSparc} {Gemini}: Dual {CPU} Processor",
 booktitle = "Conference Record of Hot Chips 15 Symposium",
 month = "August",
 year = "2003",
 address = "Palo Alto, CA",
}

@INPROCEEDINGS{tremblay08rock,
 author = "Marc Tremblay and Shailender Chaudhry",
 title = {{A Third-Generation 65nm 16-Core 32-Thread Plus 32-Scout-Thread CMT SPARC Processor}},
 booktitle = "IEEE International Solid-State Circuits Conference (ISSCC 2008)",
 day = "3--7",
 month = "February",
 year = "2008",
 address = "San Francisco, CA",
}

@inproceedings{tremblay07tm,
 author = {Marc Tremblay},
 title = {Transactional memory for a modern microprocessor},
 booktitle = {PODC '07: Proceedings of the twenty-sixth annual ACM symposium on Principles of distributed computing},
 year = {2007},
 isbn = {978-1-59593-616-5},
 pages = {1--1},
 location = {Portland, Oregon, USA},
 doi = {http://doi.acm.org/10.1145/1281100.1281101},
 publisher = {ACM},
 address = {New York, NY, USA},
 }

@INPROCEEDINGS{rundberg02reordered,
 author = "Peter Rundberg and Per Stenstr{\"{o}}m",
 title = "Reordered Speculative Execution of Critical Sections",
 booktitle = "Proceedings of the 2002 International Conference on Parallel Processing",
 month = "February",
 year = "2002",
}

@INPROCEEDINGS{shavit95software,
 author = "Nir Shavit and Dan Touitou",
 title = "Software Transactional Memory",
 booktitle = "Proceedings of the 14th Annual ACM Symposium on Principles of Distributed Computing",
 month = "August",
 year = "1995",
 pages = "204--213",
 address = "Ottawa, Canada",
}

@INPROCEEDINGS{sohi95multiscalar,
 author = "Gurindar S. Sohi and Scott E. Breach and T.N. Vijaykumar",
 title = "Multiscalar processors",
 booktitle = "Proceedings of the 22nd Annual International Symposium on Computer Architecture",
 month = "June",
 year = "1995",
 pages = "414--425",
}

@INPROCEEDINGS{splash,
 author = "Steven Cameron Woo and Moriyoshi Ohara and Evan Torrie and Singh, Jaswinder Pal and Anoop Gupta",
 title = "{The SPLASH2 Programs: Characterization and Methodological Considerations}",
 booktitle = "Proceedings of the 22nd International Symposium on Computer Architecture",
 month = "June",
 year = "1995",
 pages = "24--36",
}

@ARTICLE{splasho,
 author = "Singh, Jaswinder Pal and Wolf-Dietrich Weber and Anoop Gupta",
 title = "{SPLASH: Stanford Parallel Applications for Shared-Memory}",
 journal = "Computer Architecture News",
 vol = "20",
 no = "1",
}


@INPROCEEDINGS{hammond04programming,
 author = {Lance Hammond and Brian D. Carlstrom and Vicky Wong and Ben Hertzberg and Mike Chen and Christos Kozyrakis and Kunle Olukotun},
 title = {{Programming with transactional coherence and consistency (TCC)}},
 booktitle = {ASPLOS-XI: Proceedings of the 11th international conference on Architectural support for programming languages and operating systems},
 month = "October",
 year = {2004},
 isbn = {1-58113-804-0},
 pages = {1--13},
 location = {Boston, MA, USA},
 doi = {http://doi.acm.org/10.1145/1024393.1024395},
 publisher = {ACM Press},
 address = {New York, NY, USA},
}

@article{hammond:tcc:micro:2004,
  Author        = {Hammond, Lance and Carlstrom, Brian D. and Wong, Vicky and Chen, Mike and Kozyrakis, Christos and Olukotun, Kunle},
  Title         = {Transactional Coherence and Consistency: Simplifying Parallel Hardware and Software},
  Journal       = {Micro's Top Picks, IEEE Micro},
  Volume        = {24},
  Number        = {6},
  Month         = {Nov/Dec},
  year          = {2004}
}

@inproceedings{chafi:tape:ics:2005,
 author = {Hassan Chafi and Cao Minh, Chi and Austen McDonald and Brian D. Carlstrom and JaeWoong Chung and Lance Hammond and Christos Kozyrakis and Kunle Olukotun},
 title = {{TAPE}: a transactional application profiling environment},
 booktitle = {ICS '05: Proceedings of the 19th annual international conference on Supercomputing},
 year = {2005},
 isbn = {1-59593-167-8},
 pages = {199--208},
 location = {Cambridge, Massachusetts},
 doi = {http://doi.acm.org/10.1145/1088149.1088176},
 publisher = {ACM},
 address = {New York, NY, USA},
 }

@INPROCEEDINGS{mcdonald:tcc-characterization:pact:2005,
 author = {Austen McDonald and JaeWoong Chung and Hassan Chafi and Cao Minh, Chi and Brian D. Carlstrom and Lance Hammond and Christos Kozyrakis and Kunle Olukotun},
 title = {{Characterization of TCC on Chip-Multiprocessors}},
 booktitle = {PACT '05: Proceedings of the 14th International Conference on Parallel Architectures and Compilation Techniques},
 month = {September},
 year = {2005},
 isbn = {0-7695-2429-X},
 pages = {63--74},
 doi = {http://dx.doi.org/10.1109/PACT.2005.11},
 publisher = {IEEE Computer Society},
 address = {Washington, DC, USA},
}

@incollection{carlstrom:transactional-java:scool:2005,
  author	= {Carlstrom, Brian D. and Chung, JaeWoong and Chafi, Hassan and McDonald, Austen and Cao Minh, Chi and Hammond, Lance and Kozyrakis, Christos and Olukotun, Kunle},
  title		= {{Transactional Execution of Java Programs}},
  booktitle	= {OOPSLA 2005 Workshop on Synchronization and Concurrency in Object-Oriented Languages (SCOOL)},
  publisher     = {University of Rochester},
  month		= {October},
  year		= {2005}
}

@article{carlstrom:executing-java-with-tm:scp:2006,
  author        = {Carlstrom, Brian D. and Chung, JaeWoong and Chafi, Hassan and McDonald, Austen and Cao Minh, Chi and Hammond, Lance and Kozyrakis, Christos and Olukotun, Kunle},
  title         = {Executing {Java} programs with transactional memory},
  journal       = {Science of Computer Programming},
  volume        = {63},
  number        = {10},
  day           = {1},
  month         = {December},
  year          = {2006},
  issn          = {0167-6423},
  pages         = {111--129},
  doi           = {http://dx.doi.org/10.1016/j.scico.2006.05.006},
  publisher     = {Elsevier},
  address       = {Amsterdam, The Netherlands},
}

@INPROCEEDINGS{saha05high,
 author = {Bratin Saha and Ali-Reza Adl-Tabatabai and Richard L. Hudson and Cao Minh, Chi and Ben Hertzberg},
 title = {{McRT-STM}: A High Performance Software Transactional Memory System For A Multi-Core Runtime},
 booktitle = {PPoPP '06: Proceedings of the 11th ACM SIGPLAN symposium on Principles and practice of parallel programming},
 month     = {March},
 year = {2006},
 location = {Manhattan, New York City, NY, USA},
 publisher = {ACM Press},
 address = {New York, NY, USA},
}

@INPROCEEDINGS{ppopp06hybrid,
 author    = {Sanjeev Kumar and Michael Chu and Christopher J. Hughes and Partha Kundu and Anthony Nguyen},
 title     = {Hybrid Transactional Memory},
 booktitle = {PPoPP '06: Proceedings of the eleventh ACM SIGPLAN symposium on Principles and practice of parallel programming},
 month     = {March},
 year      = {2006},
 location  = {Manhattan, New York City, NY, USA},
 publisher = {ACM Press},
 address   = {New York, NY, USA},
}

@incollection{moss05nesting,
  author	= {J. Eliot B. Moss and Tony Hosking},
  title		= {{Nested Transactional Memory: Model and Preliminary Architecture Sketches}},
  booktitle	= {OOPSLA 2005 Workshop on Synchronization and Concurrency in Object-Oriented Languages (SCOOL)},
  publisher     = {University of Rochester},
  month		= {October},
  year		= {2005}
}

@incollection{moss06open,
  author	= {J. Eliot B. Moss},
  title		= {{Open Nested Transactions: Semantics and Support}},
  booktitle	= {Poster at the 4th Workshop on Memory Performance Issues (WMPI-2006)},
  location      = {Austin, Texas},
  month		= {February},
  year		= {2006}
}

@incollection{luchangco05synchronizers,
  author	= {Victor Luchangco and Virendra Marathe},
  title		= {{Transaction Synchronizers}},
  booktitle	= {OOPSLA 2005 Workshop on Synchronization and Concurrency in Object-Oriented Languages (SCOOL)},
  publisher     = {University of Rochester},
  month		= {October},
  year		= {2005}
}

@incollection{danaher05jcilk,
  author	= {John Danaher and I-Ting Lee and Charles Leiserson},
  title		= {{The JCilk Language for Multithreaded Computing}},
  booktitle	= {OOPSLA 2005 Workshop on Synchronization and Concurrency in Object-Oriented Languages (SCOOL)},
  publisher     = {University of Rochester},
  month		= {October},
  year		= {2005}
}

@mastersthesis{huang03transactionseverywhere,
  author = "Kai Huang",
  title  = "{Data-Race Detection in Transactions-Everywhere Parallel Programming}",
  school = "Massachusetts Institute of Technology",
  day    = "21",
  month  = "May",
  year   = "2003",
}

@INPROCEEDINGS{vijaykumar98task,
 author = "T.N. Vijaykumar and Gurindar S. Sohi",
 title = "Task Selection for a Multiscalar Processor",
 booktitle = "Proceedings of the 31st International Symposium on Microarchitecture",
 month = "December",
 year = "1998",
 pages = "81--92",
}

@MANUAL{ibm_transaction_manual,
 title = "Encina Transactional-C Programmer's Guide and Reference for AIX, SC23-2465-02",
 organization = "IBM Corporation",
 year = "1994",
}

@MISC{byte99jbyte,
 author = "Byte Magazine, CMP Media LLC",
 title = "{\textit{jBYTEmark Benchmark}}",
 howpublished = "\url{http://www.byte.com}",
 year = "1999",
}

@MISC{java00java,
 key          = {Java Grande Forum},
 title        = {{Java Grande Forum, \textit{Java Grande Benchmark Suite}}},
 howpublished = "\url{http://www.epcc.ed.ac.uk/javagrande/}",
 year         = "2000",
}

@MISC{fsf05classpath,
 key          = {Free Software Foundation},
 title        = {{Free Software Foundation, \textit{GNU Classpath 0.18}}},
 howpublished = "\url{http://www.gnu.org/software/classpath/}",
 year         = "2005",
}

@MISC{kaffe,
 author       = "Tim Wilkinson",
 title        = "{\textit{Kaffe Virtual Machine}}",
 howpublished = "\url{http://kaffe.org}",
 year         = "1997--2002",
}

@MISC{gcc,
 key          = {GCC},
 title        = "{GCC, the GNU Compiler Collection}",
 howpublished = "\url{http://gcc.gnu.org/}",
}

@MISC{spec,
 key          = {SPEC},
 title        = "{Standard Performance Evaluation Corporation, \textit{SPEC CPU Benchmarks}}",
 howpublished = "\url{http://www.specbench.org/}",
 year         = "1995--2000",
}

@MISC{specomp,
 key          = {SPEComp},
 title        = "{Standard Performance
Evaluation Corporation, \textit{SPEC
OpenMP Benchmark Suite.} http://www.spec.org/omp}",
 url = "http://www.spec.org/omp",
}

@MISC{SPECjbb2000,
 key          = {SPECjbb2000},
 title        = "{Standard Performance Evaluation Corporation, \textit{SPECjbb2000 Benchmark}}",
 howpublished = "\url{http://www.spec.org/jbb2000/}",
 year         = "2000",
}

@MISC{splash2,
 title        = "Stanford Parallel Applications for Shared Memory (SPLASH-2)",
 howpublished = "\url{http://www-flash.stanford.edu/apps/SPLASH/}",
}

@MISC{cearch,
 key          = {CEARCH Kernels},
 title        = "{CEARCH Kernels}",
 howpublished = "\url{http://cearch.east.isi.edu/}",
}

@MISC{util.concurrent,
 author       = "Doug Lea",
 title        = "{\textit{package util.concurrent}}",
 howpublished = "\url{http://gee.cs.oswego.edu/dl}",
 month        = "May",
 year         = "2004",
}

@MISC{commons.transaction,
 author       = "The Apache Software Foundation",
 title        = "{\textit{package org.apache.commons.transaction}}",
 howpublished = "\url{http://commons.apache.org/transaction}",
 day          = "13",
 month        = "January",
 year         = "2005",
}

@inproceedings{michael96concurrentqueue,
 author = {Maged M. Michael and Michael L. Scott},
 title = {Simple, fast, and practical non-blocking and blocking concurrent queue algorithms},
 booktitle = {PODC '96: Proceedings of the fifteenth annual ACM symposium on Principles of distributed computing},
 year = {1996},
 isbn = {0-89791-800-2},
 pages = {267--275},
 location = {Philadelphia, Pennsylvania, United States},
 doi = {http://doi.acm.org/10.1145/248052.248106},
 publisher = {ACM Press},
 address = {New York, NY, USA},
 }

@INPROCEEDINGS{broadcom,
 author = "Broadcom",
 title = "The {Broadcom} {BCM1250} Multiprocessor",
 booktitle = "Presentation at 2002 Embedded Processor Forum",
 month = "April",
 year = "2002",
 address = "San Jose, CA",
}

@INPROCEEDINGS{niagara2,
 author = "Umesh Gajanan Nawathe and Mahmudul Hassan and Lynn Warriner and King Yen and Bharat Upputuri and David Greenhill andAshok Kumar and Heechoul Park",
 title = "An 8-core, 64-thread, 64-bit, power efficient SPARC SoC",
 booktitle = "Presentation at ISSCC 2007",
 month = "February",
 year = "2007",
 address = "San Francisco, CA",
}

@TECHREPORT{jbus,
 title       = {{\textit{JBus Architecture Overview}}},
 institution = {Sun Microsystems},
 month       = {April},
 year        = 2003,
 key         = {jbus},
}

@TECHREPORT{moreira99numerically,
 author      = "Jose E. Moreira and Samuel P. Midkiff and Manish Gupta and Pedro V. Artigas",
 title       = "{\textit{Numerically Intensive Java}}",
 institution = "IBM",
 month       = "April",
 year        = "1999",
 url         = "\url{http://www.alphaworks.ibm.com/tech/ninja/}",
}


@Book{culler99,
  author =       {David Culler and Jaswinder Pal Singh and Anoop Gupta},
  title =        {Parallel Computer Architecture: A Hardware/Software Approach},
  publisher =    {Morgan Kauffman},
  year =         1999,
}

@article {Archibald86,
author = "James Archibald and Jean-Loup Baer",
month = "November",
year = "1986",
title = "Cache coherence protocols: Evaluation using a multiprocessor simulation model",
journal = "ACM Transactions on Computer Systems",
pages = "273--298",
}

@inproceedings {Agarwal88,
author = "Anant Agarwal and John Hennessy and Ricardo Simoni and Mark Horowitz",
title = "An evaluation of directory schemes for cache coherence",
booktitle = "Proceedings 15th International Symposium on Computer Architecture",
year = "1988",
pages = "280--289",
}

@phdthesis {Eggers89,
author = "Susan Jane Eggers",
title = "Simulation Analysis of Data Sharing in Shared Memory Multiprocessors",
school = "University of California, Berkeley",
year = "1989",
}

@phdthesis {kunz04large,
author = "Bob Kunz",
title = "Performance Bottlenecks on Large-Scale Shared-Memory Multiprocessors",
school = "Stanford University",
year = "2004",
}

@phdthesis {carlstrom08programming,
author = "Brian David Carlstrom",
title = "Programming with Transactional Memory",
school = "Stanford University",
month = "June",
year = "2008",
}

@phdthesis {mcdonald08architectures,
author = "Austen Norment McDonald",
title = "Architectures for Transactional Memory",
school = "Stanford University",
year = "2008",
}

@inproceedings{boehm05threads,
 author = {Hans-J. Boehm},
 title = {Threads cannot be implemented as a library},
 booktitle = {PLDI '05: Proceedings of the 2005 ACM SIGPLAN conference on Programming language design and implementation},
 year = {2005},
 isbn = {1-59593-056-6},
 pages = {261--268},
 location = {Chicago, IL, USA},
 doi = {http://doi.acm.org/10.1145/1065010.1065042},
 publisher = {ACM Press},
 address = {New York, NY, USA},
 }

@article{DBLP:journals/concurrency/Pugh00,
  author    = {William Pugh},
  title     = {The {Java} memory model is fatally flawed.},
  journal   = {Concurrency - Practice and Experience},
  volume    = {12},
  number    = {6},
  year      = {2000},
  pages     = {445-455},
  bibsource = {DBLP, http://dblp.uni-trier.de}
}

@misc{jsr133,
  key   = {{Java Specification Request (JSR) 133: Java Memory Model and Thread Specification}},
  title = {{\textit{Java Specification Request (JSR) 133: Java Memory Model and Thread Specification}}},
  url   = {http://jcp.org/jsr/detail/133.jsp},
  day   = {30},
  month = {September},
  year  = {2004},
}

@misc{jsr166,
  key   = {{Java Specification Request (JSR) 166: Concurrency Utilities}},
  title = {{\textit{Java Specification Request (JSR) 166: Concurrency Utilities}}},
  url   = {http://jcp.org/jsr/detail/166.jsp},
  day   = {30},
  month = {September},
  year  = {2004},
}

@book{liang99jni,
  author    = {Sheng Liang},
  title     = {Java Native Interface: Programmer's Guide and Reference},
  year      = {1999},
  isbn      = {0201325772},
  publisher = {Addison-Wesley Longman Publishing Company, Inc.},
}

@book{campione00javatutorial,
  author    = {Mary Campione and Kathy Walrath and Alison Huml},
  title     = {The {Java} Tutorial},
  edition   = {Third},
  day       = {15},
  month     = {January},
  year      = {2000},
  isbn      = {0201703939},
  publisher = {Addison-Wesley Professional},
}

@article{DBLP:journals/computer/Sanden04,
  author    = {Bo Sand\'{e}n},
  title     = {Coping with {Java} Threads.},
  journal   = {IEEE Computer},
  volume    = {37},
  number    = {4},
  year      = {2004},
  pages     = {20--27},
  ee        = {http://csdl.computer.org/comp/mags/co/2004/04/r4020abs.htm},
  bibsource = {DBLP, http://dblp.uni-trier.de}
}

@article{rosenblum95simos,
 author    = {Mendel Rosenblum and Stephen A. Herrod and Emmett Witchel and Anoop Gupta},
 title     = {Complete Computer System Simulation: The {SimOS} Approach},
 journal   = {IEEE Parallel \& Distributed Technology: Systems \& Applications},
 volume    = {3},
 number    = {4},
 year      = {1995},
 issn      = {1063-6552},
 pages     = {34--43},
 doi       = {http://dx.doi.org/10.1109/88.473612},
 publisher = {IEEE Computer Society Press},
}

@article{alpern00jalpeno,
 author    = {B. Alpern and C. R. Attanasio and J. J. Barton and M. G. Burke and P. Cheng and J.-D. Choi and A. Cocchi and S. J. Fink and D. Grove and M. Hind and S. F. Hummel and D. Lieber and V. Litvinov and M. F. Mergen and T. Ngo and J. R. Russell and V. Sarkar and M. J. Serrano and J. C. Shepherd and S. E. Smith and V. C. Sreedhar and H. Srinivasan and J. Whaley},
 title     = {The {Jalape\~no} virtual machine},
 journal   = {IBM Systems Journal},
 volume    = {39},
 number    = {1},
 year      = {2000},
 issn      = {0018-8670},
 pages     = {211--238},
 publisher = {IBM Corporation},
}

@article{sutter05tanstafl,
 author    = {Herb Sutter},
 title     = {The Free Lunch Is Over: A Fundamental Turn Toward Concurrency in Software},
 journal   = {Dr. Dobb's Journal},
 volume    = {30},
 number    = {3},
 month     = {March},
 year      = {2005},
}

@inproceedings{wall91limitsofilp,
 author    = {David W. Wall},
 title     = {Limits of instruction-level parallelism},
 booktitle = {ASPLOS-IV: Proceedings of the fourth international conference on Architectural support for programming languages and operating systems},
 year      = {1991},
 isbn      = {0-89791-380-9},
 pages     = {176--188},
 location  = {Santa Clara, California, United States},
 doi       = {http://doi.acm.org/10.1145/106972.106991},
 publisher = {ACM Press},
}

@book{christopher00high,
  author    = {Thomas W. Christopher and George K. Thiruvathukal},
  title     = {High-Performance {Java} Platform Computing: Multithreaded and Networked Programming},
  edition   = {First},
  month     = {September},
  year      = {2000},
  isbn      = {0130161640},
  publisher = {Prentice Hall PTR},
  url       = {http://java.sun.com/developer/Books/performance2/},
}

@phdthesis{moss81nestedtransactions,
  author    = {J. Eliot B. Moss},
  title     = {Nested Transactions: An Approach to Reliable Distributed Computing},
  day       = {1},
  month     = {April},
  year      = {1981},
  school    = {Massachusetts Institute of Technology},
  address   = {Cambridge, MA, USA},
}

@book{moss85nestedtransactions,
  author    = {J. Eliot B. Moss},
  title     = {Nested Transactions: An Approach to Reliable Distributed Computing},
  day       = {19},
  month     = {March},
  year      = {1985},
  isbn      = {0262132001},
  publisher = {MIT Press},
  url       = {http://mitpress.mit.edu/catalog/item/default.asp?tid=6037&ttype=2},
}

@inproceedings{moss86abstraction,
 author = {J. Eliot B. Moss and Nancy D. Griffeth and Marc H. Graham},
 title = {Abstraction in recovery management},
 booktitle = {SIGMOD '86: Proceedings of the 1986 ACM SIGMOD international conference on Management of data},
 year = {1986},
 isbn = {0-89791-191-1},
 pages = {72--83},
 location = {Washington, D.C., United States},
 doi = {http://doi.acm.org/10.1145/16894.16862},
 publisher = {ACM Press},
 address = {New York, NY, USA},
 }

@inproceedings{trager83trends,
 author    = "Iriving L. Trager",
 title     = "Trends in Systems Aspects of Database Management",
 booktitle = "Proceedings of the 2nd International Conference on Databases",
 publisher = "Wiley \& Sons",
 year      = 1983,
}

@inproceedings{weikum84multilayered,
 author = {Gerhard Weikum and Hans-J\&\#246;rg Schek},
 title = {Architectural Issues of Transaction Management in Multi-Layered Systems},
 booktitle = {VLDB '84: Proceedings of the 10th International Conference on Very Large Data Bases},
 year = {1984},
 isbn = {0-934613-16-8},
 pages = {454--465},
 publisher = {Morgan Kaufmann Publishers Inc.},
 address = {San Francisco, CA, USA},
 }

@inproceedings{weihl83adt,
 author = {William Weihl and Barbara Liskov},
 title = {Specification and implementation of resilient, atomic data types},
 booktitle = {SIGPLAN '83: Proceedings of the 1983 ACM SIGPLAN symposium on Programming language issues in software systems},
 year = {1983},
 isbn = {0-89791-108-3},
 pages = {53--64},
 location = {San Francisco, California, United States},
 doi = {http://doi.acm.org/10.1145/800226.806851},
 publisher = {ACM Press},
 address = {New York, NY, USA},
}

@phdthesis{weihl84adt,
  author    = {William E. Weihl},
  title     = {Specification and Implementation of Atomic Data Types},
  day       = {1},
  month     = {March},
  year      = {1984},
  school    = {Massachusetts Institute of Technology},
  address   = {Cambridge, MA, USA},
}

@article{schwarz84adt,
 author = {Peter M. Schwarz and Alfred Z. Spector},
 title = {Synchronizing shared abstract types},
 journal = {ACM Transactions on Computer Systems},
 volume = {2},
 number = {3},
 year = {1984},
 issn = {0734-2071},
 pages = {223--250},
 doi = {http://doi.acm.org/10.1145/989.1188},
 publisher = {ACM Press},
 address = {New York, NY, USA},
 }

@inproceedings{garciamolina85sags,
 author = {Hector Garcia-Molina and Kenneth Salem},
 title = {Sagas},
 booktitle = {SIGMOD '87: Proceedings of the 1987 ACM SIGMOD international conference on Management of data},
 year = {1987},
 isbn = {0-89791-236-5},
 pages = {249--259},
 location = {San Francisco, California, United States},
 doi = {http://doi.acm.org/10.1145/38713.38742},
 publisher = {ACM Press},
 address = {New York, NY, USA},
 }

@inproceedings{zilles06extending,
 author    = {Craig Zilles and Lee Baugh},
 title     = {Extending Hardware Transactional Memory to Support Non-busy Waiting and Non-transactional Actions},
 booktitle = {TRANSACT: First ACM SIGPLAN Workshop on Languages, Compilers, and Hardware Support for Transactional Computing},
 year      = {2006},
 location  = {Ottawa, Ontario, Canada},
}

@inproceedings{baugh07syscalls,
 author    = {Lee Baugh and Craig Zilles},
 title     = {An Analysis of {I/O} and Syscalls in Critical Sections and their Implications for Transactional Memory},
 booktitle = {The Second ACM SIGPLAN Workshop on Transactional Computing (TRANSACT 07)},
 day       = {16},
 month     = {August},
 year      = {2007},
 location  = {Portland, Oregon, USA},
}

@inproceedings{baugh08syscalls,
 author    = {Lee Baugh and Craig Zilles},
 title     = {An Analysis of {I/O} and Syscalls in Critical Sections and their Implications for Transactional Memory},
 booktitle = {2008 IEEE International Symposium on Performance Analysis of Systems and Software},
 day       = {21},
 month     = {April},
 year      = {2008},
 location  = {Austin, Texas, USA},
}

@TECHREPORT{ennals05efficientstm,
 author      = "Robert Ennals",
 title       = "Efficient Software Transactional Memory",
 number      = "IRC-TR-05-051,",
 institution = "Intel Research Cambridge",
 year        = "2005",
 url         = "http://www.cambridge.intel-research.net/~rennals/051_Rob_Ennals.pdf",
}

@inproceedings{dice07what,
 author    = {Dave Dice and Nir Shavit},
 title     = {Understanding Tradeoffs in Software Transactional Memory},
 booktitle = {CGO '07: Proceedings of the International Symposium on Code Generation and Optimization},
 year      = {2007},
 location  = {San Jose, CA},
 month     = {March}
}

@inproceedings{shpeisman07enforcing,
 author    = {Tatiana Shpeisman and Vijay Menon and Ali-Reza Adl-Tabatabai and Steven Balensiefer and Dan Grossman and Richard L. Hudson and Kate Moore and Bratin Saha},
 title     = {Enforcing Isolation and Ordering in {STM}},
 booktitle = {PLDI '07: Proceedings of the 2007 ACM SIGPLAN Conference on Programming Language Design and Implementation},
 year      = {2007},
 location  = {San Diego, CA},
 month     = {June}
}


@inproceedings{wang07,
 author    = {Cheng Wang and Wei-Yu Chen and Youfeng Wu and Bratin Saha and Ali-Reza Adl-Tabatabai},
 title     = {Code Generation and Optimization for Transactional Memory Constructs in an Unmanaged Language},
 booktitle = {CGO '07: Proceedings of the International Symposium on Code Generation and Optimization},
 year      = {2007},
 location  = {San Jose, CA},
 month     = {March}
}

@inproceedings{dice06tl2,
 author    = {Dave Dice and Ori Shalev and Nir Shavit},
 title     = {Transactional Locking {II}},
 booktitle = {DISC'06: Proceedings of the 20th International Symposium on Distributed Computing},
 year      = {2006},
 location  = {Stockholm, Sweden},
 month     = {March}
}

@inproceedings{dice06what,
 author    = {Dave Dice and Nir Shavit},
 title     = {What Really Makes Transactions Faster?},
 booktitle = {TRANSACT: First ACM SIGPLAN Workshop on Languages, Compilers, and Hardware Support for Transactional Computing},
 year      = {2006},
 location  = {Ottawa, Ontario, Canada},
}

@inproceedings{moss06nesting,
 author    = {J. Eliot B. Moss},
 title     = {Nesting Transactions: Why and What Do We Need?},
 booktitle = {TRANSACT Invited Talk: First ACM SIGPLAN Workshop on Languages, Compilers, and Hardware Support for Transactional Computing},
 year      = {2006},
 location  = {Ottawa, Ontario, Canada},
}

@inproceedings{Ousterhout96threads,
 author    = {John K. Ousterhout},
 title     = {Why Threads Are A Bad Idea (for most purposes)},
 booktitle = {Invited Talk: 1996 USENIX Technical Conference},
 day       = {25},
 month     = {January},
 year      = {1996},
 location  = {San Diego, California, USA},
}

@inproceedings{dalessandro07librarybased,
 author    = {Luke Dalessandro and Virendra J. Marathe and Michael F. Spear and Michael L. Scott},
 title     = {Capabilities and Limitations of Library-Based Software Transactional Memory in {C++}},
 booktitle = {TRANSACT '07: Second ACM SIGPLAN Workshop on Languages, Compilers, and Hardware Support for Transactional Computing},
 month     = {August},
 year      = {2007},
 location  = {Portland, Oregon, USA},
}

@inproceedings{rstm06,
 author    = {Virendra J. Marathe and Michael F. Spear and Christopher Heriot and Athul Acharya  and David Eisenstat and William N. Scherer and Michael L. Scott},
 title     = {Lowering the Overhead of Nonblocking Software Transactional Memory},
 booktitle = {TRANSACT: First ACM SIGPLAN Workshop on Languages, Compilers, and Hardware Support for Transactional Computing},
 year      = {2006},
 location  = {Ottawa, Ontario, Canada},
}

@inproceedings{rtm06,
 author    = {Arrvindh Shriraman and Virendra J. Marathe and Sandhya Dwarkadas and Michael L. Scott and David Eisenstat and Christopher Heriot and William N. Scherer III and Michael F. Spear},
 title     = {Hardware Acceleration of Software Transactional Memory},
 booktitle = {TRANSACT: First ACM SIGPLAN Workshop on Languages, Compilers, and Hardware Support for Transactional Computing},
 year      = {2006},
 location  = {Ottawa, Ontario, Canada},
}

@TECHREPORT{shinnar04integrating,
 author      = "Avraham Shinnar and David Tarditi and Mark Plesko and Bjarne Steensgaard",
 title       = "\textit{Integrating support for undo with exception handling}",
 number      = "MSR-TR-2004-140",
 institution = "Microsoft",
 month       = "December",
 year        = "2004",
 url         = "http://www.research.microsoft.com/research/pubs/view.aspx?type=Technical\%20Report\&id=845",
}

@INPROCEEDINGS{flanagan05atomicity,
 author    = {Cormac Flanagan},
 title     = {Atomicity in Multithreaded Software},
 booktitle = {Workshop on Transactional Systems},
 day       = {8},
 month     = {April},
 year      = {2005},
 location  = {Chicago, Illinois, USA},
}

@inproceedings{sherman93encina,
 author = {Mark Sherman},
 title = {Architecture of the Encina distributed transaction processing family},
 booktitle = {SIGMOD '93: Proceedings of the 1993 ACM SIGMOD international conference on Management of data},
 year = {1993},
 isbn = {0-89791-592-5},
 pages = {460--463},
 location = {Washington, D.C., United States},
 doi = {http://doi.acm.org/10.1145/170035.170136},
 publisher = {ACM Press},
 address = {New York, NY, USA},
 }

@article{liskov83argus,
 author = {Barbara Liskov and Robert Scheifler},
 title = {Guardians and Actions: Linguistic Support for Robust, Distributed Programs},
 journal = {ACM Transactions on Programming Languages and Systems},
 volume = {5},
 number = {3},
 year = {1983},
 issn = {0164-0925},
 pages = {381--404},
 doi = {http://doi.acm.org/10.1145/2166.357215},
 publisher = {ACM Press},
 address = {New York, NY, USA},
 }

@book{eppinger91camelot,
 editor = {Jeffrey L. Eppinger and Lily B. Mummert and Alfred Z. Spector},
 title = {Camelot and Avalon: a distributed transaction facility},
 year = {1991},
 isbn = {1-55860-185-6},
 publisher = {Morgan Kaufmann Publishers Inc.},
 address = {San Francisco, CA, USA},
 }

% ISO standard bibtex from:
% http://www.math.utah.edu/pub/tex/bib/isostd.html
@String{pub-ISO                 = "International Organization for
                                  Standardization"}
@String{pub-ISO:adr             = "Geneva, Switzerland"}
@String{ack-nhfb = "Nelson H. F. Beebe,
                    University of Utah,
                    Department of Mathematics, 110 LCB,
                    155 S 1400 E RM 233,
                    Salt Lake City, UT 84112-0090, USA,
                    Tel: +1 801 581 5254,
                    FAX: +1 801 581 4148,
                    e-mail: \path|beebe@math.utah.edu|,
                            \path|beebe@acm.org|,
                            \path|beebe@computer.org| (Internet),
                    URL: \path|http://www.math.utah.edu/~beebe/|"}
@Book{ISO:19xx:IIDk,
  author =       "{International Organization for Standardization}",
  title =        "{ISO\slash IEC 9075-5:1999: Information technology
                 ---- Database languages --- SQL --- Part 5: Host
                 Language Bindings (SQL\slash Bindings)}",
  publisher =    pub-ISO,
  address =      pub-ISO:adr,
  pages =        "243",
  year =         "1999",
  ISBN =         "????",
  ISBN-13 =      "????",
  LCCN =         "????",
  bibdate =      "Fri May 28 21:52:25 1999",
  price =        "CHF 236",
  URL =          "http://www.iso.ch/cate/d26198.html",
  acknowledgement = ack-nhfb,
}

@techreport{jordan99pjama,
 author      = "Mick Jordan and Malcolm Atkinson",
 title       = "\textit{Orthogonal Persistence for the {Java} Platform}",
 institution = "Sun Microsystems",
 day         = "4",
 month       = "October",
 year        = "1999",
}

@article{hoaremonitors,
 author = {C. A. R. Hoare},
 title  = {Monitors: an operating system structuring concept},
 journal = {Communications of the ACM},
 volume = {17},
 number = {10},
 pages = {549--557},
 year = {1974},
}

@article{hoare78csp,
 author = {C. A. R. Hoare},
 title = {Communicating sequential processes},
 journal = {Communications of the ACM},
 volume = {21},
 number = {8},
 year = {1978},
 issn = {0001-0782},
 pages = {666--677},
 doi = {http://doi.acm.org/10.1145/359576.359585},
 publisher = {ACM Press},
 address = {New York, NY, USA},
 }

@article{haerder84,
 author = {Theo Haerder},
 title = {Observations on optimistic concurrency control schemes},
 journal = {Information Systems},
 volume = {9},
 number = {2},
 year = {1984},
 issn = {0306-4379},
 pages = {111--120},
 doi = {http://dx.doi.org/10.1016/0306-4379(84)90020-6},
 publisher = {Elsevier Science Ltd.},
 address = {Oxford, UK, UK},
 }

@article{carl02,
 author = {Carl A. Waldspurger},
 title = {{Memory Resource Management in VMware ESX server}},
 journal = {SIGOPS Operating Systems Review},
 volume = {36},
 number = {SI},
 year = {2002},
 issn = {0163-5980},
 pages = {181--194},
 doi = {http://doi.acm.org/10.1145/844128.844146},
 publisher = {ACM Press},
 address = {New York, NY, USA},
 }

@inproceedings{diff,
 author = {Robert Stets and Sandhya Dwarkadas and Nikolaos Hardavellas and Galen Hunt and Leonidas Kontothanassis and Srinivasan Parthasarathy and Michael Scott},
 title = {{Cashmere-2L: Software Coherent Shared Memory on a Clustered Remote-write Network}},
 booktitle = {Proceedings of the 16th Symposium on Operating Systems Principles},
 year = {1997},
 address = {Saint Malo, France}
 }

@inproceedings{amit05,
 author = {Amit Vasudevan and Ramesh Yerraballi and Ashish Chawla},
 title = {A high performance Kernel-Less Operating System architecture},
 booktitle = {CRPIT '38: Proceedings of the Twenty-eighth Australasian conference on Computer Science},
 year = {2005},
 isbn = {1-920-68220-1},
 pages = {287--296},
 location = {Newcastle, Australia},
 publisher = {Australian Computer Society, Inc.},
 address = {Darlinghurst, Australia, Australia},
 }

@inproceedings{erlichsonNCH96,
  author    = {Andrew Erlichson and
               Neal Nuckolls and
               Greg Chesson and
               John L. Hennessy},
  title     = {{SoftFLASH}: Analyzing the Performance of Clustered Distributed
               Virtual Shared Memory.},
  booktitle = {ASPLOS},
  year      = {1996},
  pages     = {210-220},
  bibsource = {DBLP, http://dblp.uni-trier.de}
}

@UNPUBLISHED{sunhybrid,
    author    = {Mark Moir},
    title     = {Hybrid Transactional Memory},
    note      = "Unpublished manuscript",
    month     = "July",
    year      = "2005",
    location  = {Burlington, MA},
    publisher = "Sun Microsystems",
}

@inproceedings{moir06hybrid,
    author    = {Peter Damron and Alexandra Fedorova and Yossi Lev and Victor Luchangco and Mark Moir and Dan Nussbaum},
    title     = {Hybrid Transactional Memory},
    booktitle = {ASPLOS-XII: Proceedings of the 12th international conference on Architectural support for programming languages and operating systems},
    month     = {October},
    year      = {2006}}

@Article{jagannathan05calculus,
  author  = 	 {Suresh Jagannathan and Jan Vitek and Adam Welc and Antony Hosking},
  title   = 	 {{A transactional object calculus}},
  journal = 	 {Science of Computer Programming},
  volume  =	 57,
  number  =	 2,
  pages   =	 {164--186},
  month   =	 {August},
  year    = 	 2005,
}

@inproceedings{chung08snapshot,
 author = {JaeWoong Chung and Jiwon Seo and Woongki Baek and Cao Minh, Chi and Austen McDonald and Christos Kozyrakis and Kunle Olukotun},
 title = {Improving Software Concurrency with Hardwrae-assisted Memory Snapshot},
 year = {2008},
booktitle = {SPAA '08: Proceedings of the Twentieth Annual ACM Symposium on Parallel Algorithms and Architectures},
}

@Article{snap ,
  author = 	 {Cole, C. and Herlihy, M.},
  title = 	 {{Snapshots and Software Transactional Memory}},
  journal = 	 {Science of Computer Programming},
  year = 	 2005,
  volume =	 58,
  number =	 3,
  pages =	 {310--324},
  month =	 {December}
}

@article{bee2,
  author = {Chen Chang and John Wawrzynek and Robert W. Brodersen},
  title = {{BEE}2: A high-end reconfigurable computing system},
  journal = {IEEE Design and Test of Computers},
  volume = {22},
  number = {2},
  month = {March/April},
  year = 2005,
  pages = {114--125}
}

@misc{XUP,
  author = {Xilinx},
  title = "Xilinx {XUP} {V}irtex {II} Pro Development System",
  note = "\\XUP Website: http://www.xilinx.com/univ/xupv2p.html",
  url = {http://www.xilinx.com/univ/xupv2p.html}
}

@misc{ML310,
  author = {Xilinx},
  title = "{ML}310 Embedded Development Platform",
  note = "\\XUP Website: http://www.xilinx.com/ml310/",
  url = {http://www.xilinx.com/ml310/}
}

@techreport{RAMP,
  author = {Arvind and Krste Asanovi\'{c} and Derek Chiou and James
                  C. Hoe and Christoforos Kozyrakis and Shih-Lien Lu
                  and Mark Oskin and David Patterson and Jan Rabaey
                  and John Wawrzynek},
  title = {{RAMP}: Research Accelerator for Multiple Processors - A
                  Community Vision for a Shared Experimental Parallel
                  {HW}/{SW} Platform},
  year = 2005,
  month = {September},
  number = UCB//CSD-05-1412
}

@techreport{ramp05rdl,
  author = {G. Gibeling, A. Schultz and K. Asanovi\'{c}},
  title = {The {RAMP} Architecture \& Description Language},
  year = 2005,
  month = {September},
  number = UCB//CSD-05-1412
}

@inproceedings{flashsim,
  author = {Jeff Gibson and Robert Kunz and David Felt and Mark
                  Horowitz and John Hennessy and Mark Neinrich},
  title = "{FLASH vs. (Simulated) FLASH}: Closing the Simulation Loop",
  booktitle = "Proceedings of the 27th Annual International Symposium on
                  Computer Architecture",
  pages = "316--325",
  year = 2000,
  month = "June",
}

@inproceedings{burger01error,
  author = {Rajagopalan Desikan and Doug Burger and Stephen
                  W. Keckler},
  title = "Measuring experimental error in microprocessor simulation",
  booktitle = "Proceedings of the 28th Annual International Symposium
                  on Computer Architecture",
  pages = "266--277",
  year = 2001
}

@Article{burger01error_errata,
  author = {Rajagopalan Desikan and Doug Burger and Stephen
                  W. Keckler},
  title = "Errata on Measuring experimental error in microprocessor
                  simulation",
  journal = "Computer Architecture News",
  year = 2002,
  month = "March"
}

@article{simalpha,
  author = {Kenji Kise and Hiroki Honda and Toshitsugu Yuba},
  title = {SimAlpha Version 1.0: Simple and Readable Alpha Processor Simulator},
  journal = {Asia-Pacific Computer Systems Architecture Conference},
  year = 2003
}

@inproceedings{arvind03bluespec,
 author = { Arvind},
 title = {Bluespec: A language for hardware design, simulation, synthesis and verification Invited Talk},
 booktitle = {MEMOCODE '03: Proceedings of the First ACM and IEEE International Conference on Formal Methods and Models for Co-Design (MEMOCODE'03)},
 year = {2003},
 isbn = {0-7695-1923-7},
 pages = {249},
 publisher = {IEEE Computer Society},
 address = {Washington, DC, USA},
 }

@incollection{chiou06warfp,
  author    = {Derek Chiou and Huzefa Sunjeliwala and Dam Sunwoo and John Xu and Nikhil Patil},
  title     = {FPGA-based Fast, Cycle-Accurate, Full-System Simulators},
  booktitle = {2nd Workshop on Architecture Research using FPGA Platforms, 12th International Symposium on High-Performance Computer Architecture (HPCA-12)},
  month     = {February},
  year      = {2006}}

@incollection{arvind06warfp,
  author    = {Nirav Dave and Michael Pellauer and Arvind and Joel Emer},
  title     = {Implementing a Functional/Timing Partitioned Microprocessor Simulator with an FPGA},
  booktitle = {2nd Workshop on Architecture Research using FPGA Platforms, 12th International Symposium on High-Performance Computer Architecture (HPCA-12)},
  month     = {February},
  year      = {2006}}

@incollection{falsafi06warfp,
  author    = {Eric S. Chung and James C. Hoe and Babak Falsafi},
  title     = {ProtoFlex: Co-Simulation for Component-wise FPGA Emulator Development},
  booktitle = {2nd Workshop on Architecture Research using FPGA Platforms, 12th International Symposium on High-Performance Computer Architecture (HPCA-12)},
  month     = {February},
  year      = {2006}}

@techreport{simplescalar,
  author = {Doug Burger and Todd M. Austin},
  title = "The simplescalar tool set version 2.0",
  institution = "Department of Computer Sciences, University of Wisconsin-Madison",
  year = 1997,
  month = "June",
  number = 1342
}

@article{smarts03,
 author = {Roland E. Wunderlich and Thomas F. Wenisch and Babak Falsafi and James C. Hoe},
 title = {{SMARTS}: accelerating microarchitecture simulation via rigorous statistical sampling},
 journal = {SIGARCH Computer Architecture News},
 volume = {31},
 number = {2},
 year = {2003},
 issn = {0163-5964},
 pages = {84--97},
 doi = {http://doi.acm.org/10.1145/871656.859629},
 publisher = {ACM Press},
 address = {New York, NY, USA},
}

@Article{asim,
  author = {Joel Emer et. al.},
  title = "Asim: A Performance Model Framework",
  journal = "IEEE Computer",
  volume = 35,
  number = 2,
  year = 2002,
  month = "February",
  pages = "68--76"
}

@inproceedings{turandot,
  author = {Mayan Moudgill and Pradip Bose and Jaime H. Moreno},
  title = "Validation of {Turandot}, a fast processor model for
                  microarchitecture exploration",
  booktitle = "Proceedings of IEEE International Performance, Computer
                  and Communication",
  pages = "451--457",
  year = 1999
}

@inproceedings{rsim,
  author = {Christopher Hughes and Vijay Pai and Parthasarathy
                  Ranganathan and Sarita Adve},
  title = "Rsim: Simulating Shared-Memory Multiprocessors with {ILP}
                  Processors",
  booktitle = "Proceedings of the 3rd Workshop on Computer
                  Architecture Education",
  year = 1997
}

@article{wood05gems,
 author = {Milo M. K. Martin and Daniel J. Sorin and Bradford M. Beckmann and Michael R. Marty and Min Xu and Alaa R. Alameldeen and Kevin E. Moore and Mark D. Hill and David A. Wood},
 title = {Multifacet's general execution-driven multiprocessor simulator (GEMS) toolset},
 journal = {SIGARCH Computer Architecture News},
 volume = {33},
 number = {4},
 year = {2005},
 pages = {92--99},
 }

@inproceedings{moore05isca,
 author = {Mike Marty and Bradford Beckmann and Luke Yen and Alaa R. Alameldeen and Min Xu and Kevin E. Moore},
 title = {{GEMS}: Multifacet's General Execution-driven Multiprocessor Simulator},
 booktitle = {Tutorial in ISCA 05},
 year = 2005
}

@inproceedings{august06hpca,
    author = {David A. Penry and Daniel Fay and David Hodgdon and Ryan Wells and Graham Schelle and David I. August and Daniel A. Connors},
    title = {Exploiting Parallelism and Structure to Accelerate the Simulation of Chip Multi-processors},
    booktitle = {Proceedings of the Twelfth International Symposium on High-Performance Computer Architecture (HPCA)},
    month = {February},
    year = 2006
}

@inproceedings{simpoint,
    author = {Greg Hamerly and Erez Perelman and Jeremy Lau and Brad Calder},
    title = {SimPoint 3.0: Faster and More Flexible Program Analysis},
    booktitle = {Workshop on Modeling, Benchmarking and Simulation},
    month = "June",
    year = 2005
}

@inproceedings{wood94isca,
 author = {S. K. Reinhardt and J. R. Larus and D. A. Wood},
 title = {Tempest and typhoon: user-level shared memory},
 booktitle = {ISCA '94: Proceedings of the 21ST annual international symposium on Computer architecture},
 year = {1994},
 pages = {325--336},
 }

@inproceedings{wood93sigmetrics,
 author = {Steven K. Reinhardt and Mark D. Hill and James R. Larus and Alvin R. Lebeck and James C. Lewis and David A. Wood},
 title = {The Wisconsin Wind Tunnel: Virtual Prototyping of Parallel Computers},
 booktitle = {ACM SIGMETRICS},
 month = "May",
 year = 1993
}

@misc{ horowitz99future,
  author = "M. Horowitz and R. Ho and K. Mai",
  title = "The Future of Wires",
  text = "M. Horowitz and R. Ho and K. Mai. The Future of Wires. In Invited Workshop Paper for SRC Conference. Available at http://velox.stanford.edu/, May 1999.",
  year = "1999",
  url = "citeseer.ist.psu.edu/article/horowitz99future.html"
}

@inproceedings{imagineeval,
 author = {Jung Ho Ahn and William J. Dally and Brucek Khailany and Ujval J. Kapasi and Abhishek Das},
 title = {Evaluating the Imagine Stream Architecture},
 booktitle = {ISCA '04: Proceedings of the 31st annual international symposium on Computer architecture},
 year = {2004},
 isbn = {0-7695-2143-6},
 pages = {14},
 location = {M\&\#252;nchen, Germany},
 publisher = {IEEE Computer Society},
 address = {Washington, DC, USA},
 }

@inproceedings{wavescalar,
 author = {Steven Swanson and Ken Michelson and Andrew Schwerin and Mark Oskin},
 title = {WaveScalar},
 booktitle = {MICRO 36: Proceedings of the 36th annual IEEE/ACM International Symposium on Microarchitecture},
 year = {2003},
 isbn = {0-7695-2043-X},
 pages = {291},
 publisher = {IEEE Computer Society},
 address = {Washington, DC, USA},
 }

@InProceedings{streamit,
  author = "William Thies and Michal Karczmarek and Saman Amarasinghe",
  title = "StreamIt:  A Language for Streaming Applications",
  booktitle = "International Conference on Compiler Construction",
  month = "April",
  year = 2002
}

@article{tripsalp,
 author = {Karthikeyan Sankaralingam and Ramadass Nagarajan and Haiming Liu and Changkyu Kim and Jaehyuk Huh and Nitya Ranganathan and Doug Burger and Stephen W. Keckler and Robert G. McDonald and Charles R. Moore},
 title = {{TRIPS}: A polymorphous architecture for exploiting ILP, TLP, and DLP},
 journal = {ACM Transactions on Architecture and Code Optimization},
 volume = {1},
 number = {1},
 year = {2004},
 issn = {1544-3566},
 pages = {62--93},
 doi = {http://doi.acm.org/10.1145/980152.980156},
 publisher = {ACM Press},
 address = {New York, NY, USA},
 }

@inproceedings{delorean,
 author = {Pablo Montesinos and Luis Ceze and Josep Torrellas},
 title = {DeLorean: Recording and Deterministically Replaying Shared-Memory Multiprocessor Execution Effciently},
 booktitle = {ISCA '08: Proceedings of the 35th International Symposium on Computer Architecture},
 year = {2008}
}

@article{mesa,
 author = {Butler W. Lampson and David D. Redell},
 title = {Experience with processes and monitors in Mesa},
 journal = {Commun. ACM},
 volume = {23},
 number = {2},
 year = {1980},
 issn = {0001-0782},
 pages = {105--117},
 doi = {http://doi.acm.org/10.1145/358818.358824},
 publisher = {ACM},
 address = {New York, NY, USA},
}

@inproceedings{barroso95,
 author = {Koray Oner and Luiz A. Barroso and Sasan Iman and Jaeheon Jeong and Krishnan Ramamurthy and Michel Dubois},
 title = {The design of {RPM}: an {FPGA}-based multiprocessor emulator},
 booktitle = {FPGA '95: Proceedings of the 1995 ACM third international symposium on Field-programmable gate arrays},
 year = {1995},
 pages = {60--66},
 }

@inproceedings{scoore,
 author = {Francisco J. Mesa-Martinez and others},
 title = {{SCOORE}: {Santa Cruz} Out-of-Order {RISC} Engine, {FPGA} Design Issues},
 booktitle = {Workshop on Architectural Research Prototyping (WARP), held in conjunction with ISCA-33},
 month = "June",
 year = 2006
}

@MISC{svm_light,
	key          = {SVM Light},
	title        = "{\emph{SVM\textsuperscript{light}}}",
	howpublished = "\url{http://svmlight.joachims.org/}",
}

@book{pearl88prob,
	author = {Judea Pearl},
	title = {Probabilistic reasoning in intelligent systems: networks of plausible inference},
	year = {1988},
	isbn = {0-934613-73-7},
	publisher = {Morgan Kaufmann Publishers Inc.},
	address = {San Francisco, CA, USA},
}

@INPROCEEDINGS{osuna97svm,
	author = {E. Osuna and R. Freund and F. Girosi},
	title = {An improved training algorithm for support vector machines},
	booktitle = {Neural Networks for Signal Processing VII: Proceedings of the 1997
		IEEE Workshop},
	year = {1997},
	editor = {J. Principe and L. Gile and N. Morgan and E. Wilson},
	pages = {276-85},
	url = {http://web.mit.edu/rfreund/www/nnsp97-svm.ps},
	address = {New York, NY},
	publisher = {IEEE},
}

@article{bennett00svm,
	address = {New York, NY, USA},
	author = {Bennett, Kristin  P.  and Campbell, Colin  },
	doi = {10.1145/380995.380999},
	journal = {SIGKDD Explorations Newsletter},
	keywords = {data mining svm},
	month = {December},
	number = {2},
	pages = {1--13},
	priority = {3},
	title = {Support vector machines: hype or hallelujah?},
	url = {http://portal.acm.org/citation.cfm?id=380999},
	volume = {2},
	year = {2000},
	publisher = {ACM Press},
}

@book{vapnik95learning,
	address = {New York, NY, USA},
	author = {Vapnik, Vladimir  N. },
	isbn = {0387945598},
	keywords = {svms},
	priority = {2},
	publisher = {Springer-Verlag New York, Inc.},
	title = {The nature of statistical learning theory},
	url = {http://portal.acm.org/citation.cfm?id=211359},
	year = {1995}
}


@ARTICLE{dubey05rms,
	author = "Pradeep Dubey",
	title = "Recognition, Mining and Synthesis Moves Computers to the Era of Tera",
	journal = "Technology@Intel Magazine",
	month = "February",
	year = "2005",
	pages = "1--10",
}

@ARTICLE{olson07txf,
	author = "Jason Olson",
	title = "{NTFS}: Enhance Your Apps With File System Transactions",
	journal = "MSDN Magazine",
	month = "July",
	year = "2007",
}

@article{ bonissone97soft,
	author = "Piero P. Bonissone",
	title = "Soft Computing: the Convergence of Emerging Reasoning Technologies",
	journal = "Soft Computing---A Fusion of Foundations, Methodologies and Applications",
	volume = "1",
	number = "1",
	pages = "6--18",
	year = "1997",
	url = "citeseer.ist.psu.edu/bonissone97soft.html"
}

@inproceedings{ murphy99loopy,
	AUTHOR = "Kevin Murphy and Yair Weiss and Michael Jordan",
	TITLE = "Loopy Belief Propagation for Approximate Inference: An Empirical Study",
	BOOKTITLE = "Proceedings of the 15th Annual Conference on Uncertainty in Artificial Intelligence (UAI-99)",
	PUBLISHER = "Morgan Kaufmann",
	ADDRESS = "San Francisco, CA",
	YEAR = "1999",
	PAGES = "467-47"
}

@inproceedings{ nowostawski99parallel,
	author		= {M. Nowostawski and R. Poli},
	title		= {{Parallel genetic algorithm taxonomy}},
	booktitle 	= {Proceedings of the Third International Conference on Knowledge-based Intelligent Information Engineering Systems},
	month		= {August},
	year 		= {1999},
	pages 		= {88--92},
	url 		= "citeseer.ist.psu.edu/nowostawski99parallel.html" }
	}

@inproceedings{schumitsch05information,
	author    = {Brad Schumitsch and
		Sebastian Thrun and
			Gary R. Bradski and
			Kunle Olukotun},
	title     = {The Information-Form Data Association Filter.},
	booktitle = {NIPS},
	year      = {2005},
	ee        = {http://books.nips.cc/papers/files/nips18/NIPS2005_0244.pdf},
	bibsource = {DBLP, http://dblp.uni-trier.de}
}

@inproceedings{djerrah06bob,
	author    = {Djerrah, A. and Le Cun, B. and Cung, V.-D. and	Roucairol, C.},
	title     = {Bob++: Framework for Solving Optimization Problems	with Branch-and-Bound methods},
	booktitle = "Proceedings of the 15th International Symposium on	High Performance Distributed Computing",
	pages = {369--370},
	month     = {June},
	year      = {2006}}
}

@incollection{joachims98making,
	author = "T. Joachims",
	title = "Making large-scale support vector machine learning practical",
	booktitle = "Advances in Kernel Methods: Support Vector Machines",
	editor = "B. Scholk{\"o}pf, C. Burges, A. Smola",
	publisher = "MIT Press, Cambridge, MA",
	year = "1998",
	url = "citeseer.ist.psu.edu/joachims98making.html",
	url = "citeseer.nj.nec.com/joachims98making.html"
}

@inproceedings{li06asgi,
	author	= {Xuanhua Li and Donald Yeung},
	title		= {{Exploiting soft computing for increased fault tolerance}},
	booktitle	= {Proceedings of Workshop on Architectural Support for Gigascale Integration},
	month		= {June},
	year		= {2006}
}

@article{zadeh94soft,
	author = {Lotfi A. Zadeh},
	title = {Fuzzy logic, neural networks, and soft computing},
	journal = {Communications of the ACM},
	volume = {37},
	number = {3},
	year = {1994},
	issn = {0001-0782},
	pages = {77--84},
	doi = {http://doi.acm.org/10.1145/175247.175255},
	publisher = {ACM Press},
	address = {New York, NY, USA},
}

@inproceedings{breuer05imprecise,
	author = {Melvin A. Breuer},
	title = {Multi-media Applications and Imprecise Computation},
	booktitle = {DSD '05: Proceedings of the 8th Euromicro Conference on Digital System Design},
	year = {2005},
	isbn = {0-7695-2433-8},
	pages = {2--7},
	doi = {http://dx.doi.org/10.1109/DSD.2005.58},
	publisher = {IEEE Computer Society},
	address = {Washington, DC, USA},
}

@article{breuer04defect,
	author    = {Melvin A. Breuer and Sandeep K. Gupta and T. M. Mak},
	title     = {Defect and Error Tolerance in the Presence of Massive Numbers of Defects.},
	journal   = {IEEE Design {\&} Test of Computers},
	volume    = {21},
	number    = {3},
	year      = {2004},
	pages     = {216-227},
	ee        = {http://doi.ieeecomputersociety.org/10.1109/MDT.2004.8},
	bibsource = {DBLP, http://dblp.uni-trier.de}
}

@inproceedings{alvarez03fpu,
	author	= {Carlos Alvarez and Mateo Valero},
	title		= {{A fast, low-power floating point unit for multimedia}},
	booktitle	= {Proceedings of 2nd Workshop on Application Specific Processors},
	pages 	    = {17-24},
	month		= {January},
	year		= {2003}
}

@article{cass04knowledge,
	author = {Stephen Cass},
	title = {Winner: a fountain of knowledge},
	journal = {IEEE Spectrum},
	volume = {41},
	number = {1},
	year = {2004},
	issn = {0018-9235},
	pages = {68--75},
	publisher = {IEEE Press},
	address = {Piscataway, NJ, USA},
}

@inproceedings{kianzad01clusterga,
	author = {Vida Kianzad and Shuvra S. Bhattacharyya},
	title = {Multiprocessor Clustering for Embedded Systems},
	booktitle = {Euro-Par '01: Proceedings of the 7th International Euro-Par Conference Manchester on Parallel Processing},
	year = {2001},
	isbn = {3-540-42495-4},
	pages = {697--701},
	publisher = {Springer-Verlag},
	address = {London, UK},
}

@book{garey79np,
	author = {Garey, M. R.  and Johnson, D. S. },
	howpublished = {Paperback},
	isbn = {0716710455},
	keywords = {np},
	month = {January},
	priority = {2},
	publisher = {{W. H. Freeman}},
	title = {Computers and intractability: a guide to the theory of NP-completeness},
	url = {http://www.amazon.fr/exec/obidos/ASIN/0716710455/citeulike04-21},
	year = {1979}
}


@inproceedings{hankins06misp,
 author = {Richard A. Hankins and Gautham N. Chinya and Jamison D. Collins and Perry H. Wang and Ryan Rakvic and Hong Wang and John P. Shen},
 title = {Multiple Instruction Stream Processor},
 booktitle = {ISCA '06: Proceedings of the 33rd International Symposium on Computer Architecture},
 year = {2006},
 isbn = {0-7695-2608-X},
 pages = {114--127},
 doi = {http://dx.doi.org/10.1109/ISCA.2006.29},
 publisher = {IEEE Computer Society},
 address = {Washington, DC, USA},
 }

@article{kaneko04embcmp,
 author = {Satoshi Kaneko and et. al.},
 title = {A 600-MHz Single-Chip Multiprocessor With 4.8-GB/s Internal
                  Shared Pipelined Bus and 512-kB Internal Memory},
 journal = {IEEE Journal of Solid-State Circuits},
 volume = 39,
 number = 1,
 pages = {184-193},
 year = 2004,
 month = {January}
}

@inproceedings{ito06mobileg1,
 author = {Masayuki Ito and et. al.},
 title = {SH-MobileG1: A Single-Chip Application and Dual-mode Baseband Processor},
 booktitle = {Conference Record of Hot Chips 18},
 month = {August},
 year = 2006
}

@inproceedings{tulsa-fromhotchips06,
 author    = {J. D. Gilbert and S. H. Hunt and D. Gunadi and G. Srinivasa},
 title     = {{TULSA, A Dual P4 Core Large Shared Cache Intel Xeon Processor
              for the MP Server Market Segment, Intel}},
 booktitle = {Conference Record of Hot Chips 18},
 month     = {August},
 year      = 2006
}

@misc{armMPcore,
 author = ARM,
 title = {{ARM11} {MPC}ore},
 note = {\url{http://www.arm.com/products/CPUs/ARM11MPCoreMultiprocessor.html}}
}

@misc{fpf05,
 title = {Fall Processor Forum: The Road to Multicore},
 note = {\url{http://www.instat.com/fpf/05/index05.htm}}
}

@article{baron05mpr,
 author = {Max Baron},
 title = {{MP} Cores For Handheld Apps: {NEC}'s Parallel Configurations
                  Reduce Power Consumption},
 journal = {Microprocessor Report},
 year = 2005,
 month = {January},
 day = 27
}

@article{baron06mpr,
 author = {Max Baron},
 title = {Freescale's Quad-Core MSC8144},
 journal = {Microprocessor Report},
 year = 2006,
 month = "July",
 day = 17
}

@article{halfhill06mpr,
 author = {Tom R. Halfhill},
 title = {Cavium Expands {OCTEON} Family},
 journal = {Microprocessor Report},
 year = 2006,
 month = {February},
 day = 6
}


@Book{larus06tm,
  author    = {Jim Larus and Ravi Rajwar},
  title     = {Transactional Memory},
  publisher = {Morgan Claypool Synthesis Series},
  year      = 2006,
  doi       = {http://dx.doi.org/10.2200/S00070ED1V01Y200611CAC002},
}

@InProceedings{ KuszmaulSu06,
author = {Bradley C. Kuszmaul and Jim Sukha},
title = {Concurrent Cache-Oblivious {B}-Trees Using Transactional Memory},
booktitle = {Workshop on Transactional Memory Workloads},
year = {2006},
month = {June},
address = {Ottawa, Canada},
} 
                  
@InProceedings{agarwal06opennested,
  author = 	 {Kunal Agrawal and Charles E. Leiserson and Jim Sukha},
  title = 	 {Memory Models for Open-Nested Transactions},
  booktitle =	 {MSPC: Workshop on Memory Systems Performance and Correctness},
  year =	 {2006},
  month =	 {October},
  location =     {San Jose, CA, USA},
}

@InProceedings{grossman06memorymodels,
  author = 	 {Dan Grossman and Jeremy Manson and William Pugh},
  title = 	 {What Do High-Level Memory Models Mean for Transactions?},
  booktitle =	 {MSPC: Workshop on Memory Systems Performance and Correctness},
  month =	 {October},
  year =	 {2006},
  location =     {San Jose, CA, USA},
}

@InProceedings{hindman06atomjava,
  author = 	 {Benjamin Hindman and Dan Grossman},
  title = 	 {Atomicity via Source-to-Source Translation},
  booktitle =	 {MSPC: Workshop on Memory Systems Performance and Correctness},
  month =	 {October},
  year =	 {2006},
  location =     {San Jose, CA, USA},
}

@InProceedings{kimball07atomscheme,
  author = 	 {Aaron Kimball and Dan Grossman},
  title = 	 {Software Transactions Meet First-Class Continuations},
  booktitle =	 {Scheme and Functional Programming Workshop '07},
  month =	 {September},
  year =	 {2007},
  location =     {Freiburg, Germany},
}

@inproceedings{moore08semantics,
 author = {Katherine F. Moore and Dan Grossman},
 title = {High-level small-step operational semantics for transactions},
 booktitle = {POPL '08: Proceedings of the 35th annual ACM SIGPLAN-SIGACT symposium on Principles of Programming Languages},
 year = {2008},
 isbn = {978-1-59593-689-9},
 pages = {51--62},
 location = {San Francisco, California, USA},
 doi = {http://doi.acm.org/10.1145/1328438.1328448},
 publisher = {ACM},
 address = {New York, NY, USA},
 }

@Article{bloom,
  author = 	 {B. Bloom},
  title = 	 {Space/Time Trade-Offs in Hash Coding with Allowable Errors},
  journal = 	 {Communications of ACM},
  year = 	 1970
}


@InProceedings{tmturorial,
  author = 	 {Ali Adl-Tabatabai and Christos Kozyrakis and Bratin Saha},
  title = 	 {Transactional Programming in a Multi-Core Environment },
  booktitle =	 {PACT 2006 Tutorial},
  year =	 2006
}

@InProceedings{atomosclass07,
  author = 	 {Brian D. Carlstrom and Austen McDonald and Michael Carbin and Christos Kozyrakis and Kunle Olukotun},
  title = 	 {{Transactional Collection Classes}},
  booktitle =	 {Proceeding of the Symposium on Principles and Practice of Parallel Programming},
  year =	 2007,
  month =	 {March},
  location =     {San Jose, California, USA},
}
                  
@inproceedings{brevnov08highcontentionjbb,
 author = {Evgueni Brevnov and Yuri Dolgov and Boris Kuznetsov and
   Dmitry Yershov and Vyacheslav Shakin and Dong-Yuan Chen and Vijay
   Menon and Suresh Srinivas},
 title = {Practical experiences with {Java} software transactional
   memory},
 booktitle = {PPoPP '08: Proceedings of the 13th ACM SIGPLAN Symposium
   on Principles and practice of parallel programming},
 year = {2008},
 isbn = {978-1-59593-795-7},
 pages = {287--288},
 location = {Salt Lake City, UT, USA},
 doi = {http://doi.acm.org/10.1145/1345206.1345259},
 publisher = {ACM},
 address = {New York, NY, USA},
 }
                  
@InProceedings{isard08ame,
  author = 	 {Michael Isard and Andrew Birrell},
  title = 	 {{Automatic Mutual Exclusion}},
  booktitle =	 {11th Workshop on Hot Topics in Operating Systems},
  year =	 2007,
  month =	 {May},
  location =     {San Diego, California, USA},
}

@inproceedings{abadi08semantics,
 author = {Mart\'{\i}n Abadi and Andrew Birrell and Tim Harris and Michael Isard},
 title = {Semantics of transactional memory and automatic mutual exclusion},
 booktitle = {POPL '08: Proceedings of the 35th annual ACM SIGPLAN-SIGACT Symposium on Principles of Programming Languages},
 year = {2008},
 isbn = {978-1-59593-689-9},
 pages = {63--74},
 location = {San Francisco, California, USA},
 doi = {http://doi.acm.org/10.1145/1328438.1328449},
 publisher = {ACM},
 address = {New York, NY, USA},
 }




@incollection{safetynet02sorin,
  author	= {Sorin, Daniel J. and Martin, Milo M. K. and Hill, Mark D. and Wood, David A.},
  title		= {SafetyNet: Improving the Availability of Shared Memory Multiprocessors with Global Checkpoint/Recovery},
  booktitle	= {Proceedings of the 29th Annual International Symposium on Computer Architecture},
  pages		= {123--134},
  month		= {May},
  year		= {2002},
  urlpage	= {http://csdl.computer.org/comp/proceedings/isca/2002/1605/00/16050123abs.htm},
  pdf		= {http://www.cs.wisc.edu/multifacet/papers/isca02_safetynet.pdf}
}

@article{revive02prvul,
 author = {Milos Prvulovic and Zheng Zhang and Josep Torrellas},
 title = {ReVive: cost-effective architectural support for rollback recovery in shared-memory multiprocessors},
 booktitle = {ISCA '02: Proceedings of the 29th annual international symposium on Computer architecture},
 year = {2002},
 isbn = {0-7695-1605-X},
 pages = {111--122},
 location = {Anchorage, Alaska},
 publisher = {IEEE Computer Society},
 address = {Washington, DC, USA},
}

@inproceedings{safemem05qin,
  author    = {Feng Qin and
               Shan Lu and
               Yuanyuan Zhou},
  title     = {SafeMem: Exploiting ECC-Memory for Detecting Memory Leaks
               and Memory Corruption During Production Runs.},
  booktitle = {HPCA},
  year      = {2005},
  pages     = {291-302},
  ee        = {http://doi.ieeecomputersociety.org/10.1109/HPCA.2005.29},
  bibsource = {DBLP, http://dblp.uni-trier.de}
}

@inproceedings{nook03swift,
  author = "M. Swift and B. Bershad and H. Levy",
  title = "Improving the Reliability of Commodity Operating Systems",
  booktitle =" Proceedings of the 19th Symposium on Operating Systems Principles",
  address = "New York",
  year = "2003",
  url = "citeseer.ist.psu.edu/swift03improving.html"
}

@misc{gdb,
  key = {GDB},
  title = "http://sourceware.org/gdb/",
  url = "http://sourceware.org/gdb/",
}

@inproceedings{iwatcher04zhou,
 author = {Pin Zhou and Feng Qin and Wei Liu and Yuanyuan Zhou and Josep Torrellas},
 title = {iWatcher: Efficient Architectural Support for Software Debugging},
 booktitle = {ISCA '04: Proceedings of the 31st annual international symposium on Computer architecture},
 year = {2004},
 isbn = {0-7695-2143-6},
 pages = {224},
 location = {M\&\#252;nchen, Germany},
 publisher = {IEEE Computer Society},
 address = {Washington, DC, USA},
}

@inproceedings{faultsmt,
 author = {Steven K. Reinhardt and Shubhendu S. Mukherjee},
 title = {Transient fault detection via simultaneous multithreading},
 booktitle = {Proceedings of the 27th annual international symposium on Computer architecture},
 year = {2000},
 isbn = {1-58113-232-8},
 pages = {25--36},
 location = {Vancouver, British Columbia, Canada},
 doi = {http://doi.acm.org/10.1145/339647.339652},
 publisher = {ACM Press},
 address = {New York, NY, USA},
}

@inproceedings{faultopp,
 author = {Mohamed A. Gomaa and T. N. Vijaykumar},
 title = {Opportunistic Transient-Fault Detection},
 booktitle = {ISCA '05: Proceedings of the 32nd annual international symposium on Computer Architecture},
 year = {2005},
 isbn = {0-7695-2270-X},
 pages = {172--183},
 doi = {http://dx.doi.org/10.1109/ISCA.2005.38},
 publisher = {IEEE Computer Society},
 address = {Washington, DC, USA},
}

@article{faulthw,
 author = {Miguel Rodr\'{\i}guez G\'{o}mez and Joseba Ezquerra Ventosa and Gerardo Aranguren Aramend\'{\i}a},
 title = {Expert System Hardware for Fault Detection},
 journal = {Applied Intelligence},
 volume = {9},
 number = {3},
 year = {1998},
 issn = {0924-669X},
 pages = {245--262},
 doi = {http://dx.doi.org/10.1023/A:1008367820687},
 publisher = {Kluwer Academic Publishers},
 address = {Hingham, MA, USA},
}

@inproceedings{faultcircuitry,
 author = {Maurizio Rebaudengo and Matteo Sonza Reorda and Marco Torchiano and Massimo Violante},
 title = {Soft-Error Detection through Software Fault-Tolerance Techniques},
 booktitle = {Proceedings of the 14th International Symposium on Defect and Fault-Tolerance in VLSI Systems},
 year = {1999},
 isbn = {0-7695-0325-X},
 pages = {210--218},
 publisher = {IEEE Computer Society},
 address = {Washington, DC, USA},
}

@misc{faultexpo,
  author = "W. Chen and R. Untch and G. Rothermel and S. Elbaum and J. Ronne",
  title = "Can fault-exposure-potential estimates improve the fault detection abilities
    of test suites",
  booktitle = "Journal of Software Testing, Verification, and Reliability, 4(2), December 2002.",
  year = "2002",
  url = "citeseer.ist.psu.edu/article/chen02can.html"
}

@inproceedings{stackguard98cowan,
 author = {Crispin Cowan and Calton Pu and Dave Maier and Heather Hintony and Jonathan Walpole and Peat Bakke and Steve Beattie and Aaron Grier and Perry Wagle and Qian Zhang},
 title = {StackGuard: automatic adaptive detection and prevention of buffer-overflow attacks},
 booktitle = {SSYM'98: Proceedings of the 7th conference on USENIX Security Symposium, 1998},
 year = {1998},
 pages = {5-15}
}

@article{bufferoverrun,
 author = {Jonathan Pincus and Brandon Baker},
 title = {Beyond Stack Smashing: Recent Advances in Exploiting Buffer Overruns},
 journal = {IEEE Security and Privacy},
 volume = {2},
 number = {4},
 year = {2004},
 issn = {1540-7993},
 pages = {20--27},
 doi = {http://dx.doi.org/10.1109/MSP.2004.36},
 publisher = {IEEE Educational Activities Department},
 address = {Piscataway, NJ, USA},
}

@inproceedings{watchpoint,
 author = {Kazutaka Maruyama and Minoru Terada},
 title = {Debugging with Reverse Watchpoint},
 booktitle = {QSIC '03: Proceedings of the Third International Conference on Quality Software},
 year = {2003},
 isbn = {0-7695-2015-4},
 pages = {116},
 publisher = {IEEE Computer Society},
 address = {Washington, DC, USA},
}

@incollection{skare:earlyrelease:wtw:2006,
  author	= {Skare, Travis and Kozyrakis, Christos},
  title		= {Early Release: Friend or Foe?},
  booktitle	= {Workshop on Transactional Memory Workloads},
  month		= {June},
  year		= {2006}
}

@misc{gzip,
 key = {GZIP},
 title = "http://www.gzip.org/",
 url = "http://www.gzip.org/"
}

@inproceedings{DBLP:conf/ndss/RuwaseL04,
  author    = {Olatunji Ruwase and
               Monica S. Lam},
  title     = {A Practical Dynamic Buffer Overflow Detector.},
  booktitle = {NDSS},
  year      = {2004},
  ee        = {http://www.isoc.org/isoc/conferences/ndss/04/proceedings/Papers/Ruwase.pdf},
  bibsource = {DBLP, http://dblp.uni-trier.de}
}

@misc{ghttpd,
 key = {GHTTPD},
 title = "http://gaztek.sourceforge.net/ghttpd/",
 url = "http://gaztek.sourceforge.net/ghttpd/"
}

@misc{nullhttpd,
 key = {NULLHTTPD},
 title = "http://nullwebmail.sourceforge.net/httpd/",
 url = "http://nullwebmail.sourceforge.net/httpd/"
}

@techreport{deconstructinghtm,
 author = {Hill, Mark D. and Hower, Derek and Moore, Keven E. and Swift, Michael M. and
           Volos, Haris and Wood, David A.},
 title = {A Case for Deconstructing Hardware Transactional Memory Systems},
 institution = {University of Wisconsin-Madison, Department of Computer Sciences},
 number = {CS-TR-2007-1594},
 month = {June},
 year = {2007},
 pdf = {http://www.cs.wisc.edu/multifacet/papers/tr1594_dtm.pdf}
}

@techreport{liblit06logtm,
 author = {Ben Liblit},
 title = {{An operational semantics for LogTM}},
 institution = {University of Wisconsin-Madison, Department of Computer Sciences},
 number = {CS-TR-2006-1571},
 month = {August},
 year = {2006},
 pdf = {http://www.cs.wisc.edu/multifacet/papers/tr1571_logtm_semantics.pdf}
}

@article{htmandcompiler,
 author = {Naveen Neelakantam and Ravi Rajwar and Suresh Srinivas and Uma Srinivasan and Craig Zilles},
 title = {Hardware atomicity for reliable software speculation},
 journal = {SIGARCH Computer Architecture News},
 volume = {35},
 number = {2},
 year = {2007},
 issn = {0163-5964},
 pages = {174--185},
 doi = {http://doi.acm.org/10.1145/1273440.1250684},
 publisher = {ACM Press},
 address = {New York, NY, USA},
}

@incollection{bobba:pathologies:isca:2007,
	author	= {Bobba, Jayaram and Moore, Kevin E. and Yen, Luke and Volos, Haris and Hill, Mark D. and Swift, Michael M. and Wood, David A.},
	title		= {Performance Pathologies in Hardware Transactional Memory},
	booktitle	= {Proceedings of the 34th Annual International Symposium on Computer Architecture},
	month		= {June},
	year		= {2007},
	urlpage	= {http://doi.acm.org/10.1145/1250662.1250674},
	pdf		= {http://www.cs.wisc.edu/multifacet/papers/isca07_pathologies.pdf}
}

@article{htmpathology,
 author = {Jayaram Bobba and Kevin E. Moore and Haris Volos and Luke Yen and Mark D. Hill and Michael M. Swift and David A. Wood},
 title = {Performance pathologies in hardware transactional memory},
 journal = {SIGARCH Computer Architecture News},
 volume = {35},
 number = {2},
 year = {2007},
 issn = {0163-5964},
 pages = {81--91},
 doi = {http://doi.acm.org/10.1145/1273440.1250674},
 publisher = {ACM Press},
 address = {New York, NY, USA},
}

@article{countingbloom,
 author = {Li Fan and Pei Cao and Jussara Almeida and Andrei Z. Broder},
 title = {Summary cache: a scalable wide-area Web cache sharing protocol},
 journal = {SIGCOMM Computer Communication Review},
 volume = {28},
 number = {4},
 year = {1998},
 issn = {0146-4833},
 pages = {254--265},
 doi = {http://doi.acm.org/10.1145/285243.285287},
 publisher = {ACM Press},
 address = {New York, NY, USA},
}

@MISC{stamp,
 key          = {STAMP},
 title        = {{STAMP}: Stanford Transactional Applications for Multi-Processing},
 howpublished = "\url{http://stamp.stanford.edu}"
}

@article{361626,
 author = {Stephen Sherman and Forest Baskett, III and J. C. Browne},
 title = {Trace-driven modeling and analysis of CPU scheduling in a multiprogramming system},
 journal = {Communications of the ACM},
 volume = {15},
 number = {12},
 year = {1972},
 issn = {0001-0782},
 pages = {1063--1069},
 doi = {http://doi.acm.org/10.1145/361598.361626},
 publisher = {ACM Press},
 address = {New York, NY, USA},
 }


@inproceedings{olszewski:judostm:pact:2007,
 author = {Marek Olszewski and Jeremy Cutler and J. Gregory Steffan},
 title = {Judo{STM}: A Dynamic Binary-Rewriting Approach to Software Transactional Memory},
 booktitle = {PACT '07: Proceedings of the 16th International Conference on Parallel Architecture and Compilation Techniques (PACT 2007)},
 year = {2007},
 isbn = {0-7695-2944-5},
 pages = {365--375},
 doi = {http://dx.doi.org/10.1109/PACT.2007.42},
 publisher = {IEEE Computer Society},
 address = {Washington, DC, USA},
 }

@inproceedings{blundell:onetm:isca:2007,
  author = {Colin Blundell and Joe Devietti and E. Christopher Lewis and Milo M. K. Martin},
  title = {Making the fast case common and the uncommon case simple in unbounded transactional memory},
  booktitle = {ISCA '07: Proceedings of the 34th annual international symposium on Computer architecture},
  year = {2007},
  isbn = {978-1-59593-706-3},
  pages = {24--34},
  location = {San Diego, California, USA},
  doi = {http://doi.acm.org/10.1145/1250662.1250667},
  publisher = {ACM},
  address = {New York, NY, USA},
}

@article{ramadan:metatm:sigarch:2007,
  author = {Hany E. Ramadan and Christopher J. Rossbach and Donald E. Porter
    and Owen S. Hofmann and Aditya Bhandari and Emmett Witchel},
  title = {{MetaTM/TxLinux}: transactional memory for an operating system},
  journal = {SIGARCH Computer Architecture News},
  volume = {35},
  number = {2},
  year = {2007},
  issn = {0163-5964},
  pages = {92--103},
  doi = {http://doi.acm.org/10.1145/1273440.1250675},
  publisher = {ACM},
  address = {New York, NY, USA},
}

@inproceedings{ramadan:metatm:isca:2007,
  author = {Hany E. Ramadan and Christopher J. Rossbach and Donald E. Porter and Owen S. Hofmann and Aditya Bhandari and Emmett Witchel},
  title = {MetaTM/TxLinux: transactional memory for an operating system},
  booktitle = {ISCA '07: Proceedings of the 34th annual international symposium on Computer architecture},
  year = {2007},
  isbn = {978-1-59593-706-3},
  pages = {92--103},
  location = {San Diego, California, USA},
  doi = {http://doi.acm.org/10.1145/1250662.1250675},
  publisher = {ACM},
  address = {New York, NY, USA},
}

@inproceedings{rossbach:txlinux:sosp:2007,
 author = {Christopher J. Rossbach and Owen S. Hofmann and Donald E. Porter and Hany E. Ramadan and Bhandari Aditya and Emmett Witchel},
 title = {{TxLinux}: using and managing hardware transactional memory in an operating system},
 booktitle = {SOSP '07: Proceedings of twenty-first ACM SIGOPS symposium on Operating systems principles},
 year = {2007},
 isbn = {978-1-59593-591-5},
 pages = {87--102},
 location = {Stevenson, Washington, USA},
 doi = {http://doi.acm.org/10.1145/1294261.1294271},
 publisher = {ACM},
 address = {New York, NY, USA},
}

@book{rosner,
author={Bernard A. Rosner},
title={Fundamentals of Biostatistics},
edition={Forth},
month={December},
year={1999},
publisher= {Duxbury Press},
address = {Belmont, CA, USA},
}

@incollection{shriraman:rtm:isca:2007,
  author	= {Shriraman, Arrvindh and Spear, Michael F. and Hossain, Hemayet and Marathe, Virendra and Dwarkadas, Sandhya and Scott, Michael L.},
  title		= {An Integrated Hardware-Software Approach To Flexible Transactional Memory},
  booktitle	= {Proceedings of the 34rd Annual International Symposium on Computer Architecture},
  month		= {June},
  year		= {2007},
  pdf		= {http://www.cs.rochester.edu/u/ashriram/papers/2007_ISCA_RTM.pdf}
}


@inproceedings{kulkarni:abstractions:pldi:2007,
 author = {Milind Kulkarni and Keshav Pingali and Bruce Walter and Ganesh Ramanarayanan and Kavita Bala and L. Paul Chew},
 title = {Optimistic parallelism requires abstractions},
 booktitle = {PLDI '07: Proceedings of the 2007 ACM SIGPLAN conference on Programming language design and implementation},
 year = {2007},
 isbn = {978-1-59593-633-2},
 pages = {211--222},
 location = {San Diego, California, USA},
 doi = {http://doi.acm.org/10.1145/1250734.1250759},
 publisher = {ACM},
 address = {New York, NY, USA},
}

@article{guerraoui:stmbench7:sigops:2007,
 author = {Rachid Guerraoui and Michal Kapalka and Jan Vitek},
 title = {{STMBench7}: a benchmark for software transactional memory},
 journal = {SIGOPS Oper. Syst. Rev.},
 volume = {41},
 number = {3},
 year = {2007},
 issn = {0163-5980},
 pages = {315--324},
 doi = {http://doi.acm.org/10.1145/1272998.1273029},
 publisher = {ACM},
 address = {New York, NY, USA},
 }

@inproceedings{scott:delaunay:podc:2007,
 author = {Michael L. Scott and Michael F. Spear and Luke Dalessandro and Virendra J. Marathe},
 title = {Transactions and privatization in Delaunay triangulation},
 booktitle = {PODC '07: Proceedings of the 26th ACM symposium on Principles of Distributed Computing},
 year = {2007},
 isbn = {978-1-59593-616-5},
 pages = {336--337},
 location = {Portland, Oregon, USA},
 doi = {http://doi.acm.org/10.1145/1281100.1281160},
 publisher = {ACM},
 address = {NY, USA},
 }


@techreport{jin:nas:techreport:1999,
  author = "H. Jin and M. Frumkin and J. Yan",
  title = "The OpenMP Implementation of NAS Parallel Benchmarks and Its Performance",
  text = "H. Jin, M. Frumkin, J. Yan. The OpenMP Implementation of NAS Parallel Benchmarks
    and Its Performance. Technical Report: NAS-99-011.",
  url = "citeseer.ist.psu.edu/408248.html"
}

@ARTICLE{jaleel:bioparallel:hpca:2006,
    title={Last level cache (LLC) performance of data mining workloads on a CMP - a case study of parallel bioinformatics workloads},
    author={Jaleel, A. and Mattina, M. and Jacob, B.},
    journal={High-Performance Computer Architecture, 2006. The Twelfth International Symposium on},
    year={11-15 Feb. 2006},
    volume={},
    number={},
    pages={ 88-98},
    keywords={ biology computing, cache storage, data mining, microprocessor chips, multi-threading, multiprocessing systems, scientific information systems CMP, chip-multiprocessor cache, data-sharing analysis, genetic data, last level cache performance, last-level cache silicon area, multiple private caches, multithreaded data-mining bioinformatics workloads, parallel bioinformatics workloads, single cache, three-level cache hierarchy},
    doi={10.1109/HPCA.2006.1598115},
    ISSN={1530-0897 },
}

@ARTICLE{naraynan:minebench:iiswc:2006,
    title={MineBench: A Benchmark Suite for Data Mining Workloads},
    author={Narayanan, R. and Ozisikyilmaz, B. and Zambreno, J. and Memik, G. and Choudhary, A.},
    journal={Workload Characterization, 2006 IEEE International Symposium on},
    year={Oct. 2006},
    volume={},
    number={},
    pages={182-188},
    keywords={computer architecture, data miningMineBench, computer architecture, data extraction, data mining},
    doi={10.1109/IISWC.2006.302743},
    ISSN={},
}

@inproceedings{perfumo:haskell:transact:2007,
 author    = {Perfumo, Christian and Sonmez, Nehir and Unsal, Osman S. and Cristal, Adrian and Valero, Mateo and Harris, Tim},
 title     = {Dissecting Transactional Executions in Haskell},
 booktitle = {TRANSACT '07: Second ACM SIGPLAN Workshop on Languages, Compilers, and Hardware Support for Transactional Computing},
 month     = {August},
 year      = {2007},
 location  = {Portland, Oregon, USA},
}

@inproceedings{bader:ssca2:hipc:2005,
 author    = {Bader, David A and Madduri, Kamesh},
 title     = {Design and Implementation of the HPCS Graph Analysis Benchmark on Symmetric Multiprocessors},
 booktitle = {HiPC '05: 12th International Conference on High Performance Computing},
 month     = {December},
 year      = {2005},
 location  = {Goa, India},
}

@inproceedings{haagdorens:nids:wisa:2004,
  author    = {Haagdorens, Bart and Vermeiren, Tim and Goossens, Marnix},
  title     = {Improving the Performance of Signature-Based Network Intrusion Detection Sensors by Multi-threading},
  booktitle = {WISA '04: Proceedings of the 5th International Workshop on Infomation Security Applications},
  year      = {2004},
  location  = {Jeju Island, Korea},
  pages     = {188-203},
  ee        = {http://springerlink.metapress.com/openurl.asp?genre=article{\&}issn=0302-9743{\&}volume=3325{\&}spage=188},
}

@inproceedings{titos:characterization:pdp:2008,
  author = {Titos, J. Ruben and Acacio, Manuel E. and Garcia, Jose M},
  title = {Characterization of Conflicts in Log-Based Transactional Memory (LogTM)},
  booktitle = {PDP '08: Proceedings of the 16th Euromicro Conference on Parallel, Distributed and Network-Based Processing (PDP 2008)},
  year = {2008},
  isbn = {978-0-7695-3089-5},
  pages = {30--37},
  doi = {http://dx.doi.org/10.1109/PDP.2008.63},
  publisher = {IEEE Computer Society},
  address = {Washington, DC, USA},
}

@inproceedings{herlihy:boosting:ppopp:2008,
  author = {Maurice Herlihy and Eric Koskinen},
  title = {Transactional boosting: a methodology for highly-concurrent transactional objects},
  booktitle = {PPoPP '08: Proceedings of the 13th ACM SIGPLAN Symposium on Principles and practice of parallel programming},
  year = {2008},
  isbn = {978-1-59593-795-7},
  pages = {207--216},
  location = {Salt Lake City, UT, USA},
  doi = {http://doi.acm.org/10.1145/1345206.1345237},
  publisher = {ACM},
  address = {New York, NY, USA},
}

@inproceedings{felber:dynamic:ppopp:2008,
  author = {Pascal Felber and Christof Fetzer and Torvald Riegel},
  title = {Dynamic performance tuning of word-based software transactional memory},
  booktitle = {PPoPP '08: Proceedings of the 13th ACM SIGPLAN Symposium on Principles and practice of parallel programming},
  year = {2008},
  isbn = {978-1-59593-795-7},
  pages = {237--246},
  location = {Salt Lake City, UT, USA},
  doi = {http://doi.acm.org/10.1145/1345206.1345241},
  publisher = {ACM},
  address = {New York, NY, USA},
}

@inproceedings{sanchez:signatures:micro:2007,
  author = {Daniel Sanchez and Luke Yen and Mark D. Hill and Karthikeyan Sankaralingam},
  title = {Implementing Signatures for Transactional Memory},
  booktitle = {MICRO '07: Proceedings of the 40th Annual IEEE/ACM International Symposium on Microarchitecture},
  year = {2007},
  isbn = {0-7695-3047-8},
  pages = {123--133},
  doi = {http://dx.doi.org/10.1109/MICRO.2007.20},
  publisher = {IEEE Computer Society},
  address = {Washington, DC, USA},
}

@techreport{sanchez:signatures:tr:2007,
    author      = {Sanchez, Daniel},
    title       = {Design and Implementation of Signatures for Transactional Memory Systems},
    institution = {Department of Computer Sciences, University of Wisconsin-Madison},
    number      = {CS-TR-2007-1611},
    type        = {Technical Report},
    month       = {August},
    year        = {2007},
    pdf         = {http://www.cs.wisc.edu/multifacet/papers/tr1611_signatures.pdf}
}

@inproceedings{chickering:bayesian:uai:1997,
    author = "David Maxwell Chickering and David Heckerman and Christopher Meek",
    title = "A {Bayesian} Approach to Learning {Bayesian} Networks with Local Structure",
    booktitle = {UAI '97: Proceedings of the 13th Conference on Uncertainty in Artificial Intelligence},
    pages = "80--89",
    url = "citeseer.ist.psu.edu/chickering97bayesian.html"
}

@article{moore98cached,
    author = "Andrew W. Moore and Mary S. Lee",
    title = "Cached Sufficient Statistics for Efficient Machine Learning with Large Datasets",
    journal = "Journal of Artificial Intelligence Research",
    volume = "8",
    pages = "67-91",
    year = "1998",
    url = "citeseer.ist.psu.edu/moore97cached.html"
}

@article{karp87efficient,
  author = {Richard M. Karp and Michael O. Rabin},
  title = {Efficient randomized pattern-matching algorithms},
  journal = {IBM J. Res. Dev.},
  volume = {31},
  number = {2},
  year = {1987},
  issn = {0018-8646},
  pages = {249--260},
  publisher = {IBM Corp.},
  address = {Riverton, NJ, USA},
}

@ARTICLE{lee61algorithm,
  author 	=	{C.~Y. Lee},
  title 	=	{An Algorithm for Path Connections and Its Applications},
  journal 	=	{{IRE} Transactions on Electronic Computers},
  year 	=	{1961},
  volume 	=	{EC-10},
  pages 	=	{346-365},
  number 	=	{3},
  month 	=	sep
} 	

@inproceedings{vallejo:hybrid:transact:2008,
 author    = {Enrique Vallejo and Tim Harris and Adrian Cristal and Osman Unsal and Mateo Valero},
 title     = {Hybrid Transactional Memory to accelerate safe lock-based transactions},
 booktitle = {TRANSACT '08: Third ACM SIGPLAN Workshop on Languages, Compilers, and Hardware Support for Transactional Computing},
 month     = {February},
 year      = {2008},
 location  = {Salt Lake City, Utah, USA},
}

@article{ruppert95delaunay,
  author  = "Jim Ruppert",
  title   = "A Delaunay Refinement Algorithm for Quality 2-Dimensional Mesh Generation",
  journal = "J. Algorithms",
  volume  = "18",
  number  = "3",
  pages   = "548-585",
  year    = "1995",
  url     = "citeseer.ist.psu.edu/article/ruppert94delaunay.html"
}

@inproceedings{tezukapindown,
    author = "H. Tezuka and F. {O'Carroll} and A. Hori and Y. Ishikawa",
    title = "Pin-down Cache: {A} Virtual Memory Management Technique for Zero-copy Communication",
    pages = "308--315",
    year = "1998",
    url = "citeseer.ist.psu.edu/article/tezuka98pindown.html"
}

@inproceedings{blumrich96protected,
    author = "M. A. Blumrich and C. Dubnicki and E. W. Felten and K. Li",
    title = "Protected, User-level {DMA} for the {SHRIMP} Network Interface",
    booktitle = "Proc. of the 2nd {IEEE} Symp. on High-Performance Computer Architecture ({HPCA}-2)",
    year = "1996",
    url = "citeseer.ist.psu.edu/blumrich96protected.html"
}

@inproceedings{qsnet2,
    author="J.Beecroft and D.Addison and F.Petrini (LANL) and M.McLaren",
    title="QsNet{II}: An Interconnect for Supercomputing Applications",
    booktitle="IEEE Micro",
    year="2003",
    url = "http://hpc.pnl.gov/people/fabrizio/papers/hot03.pdf"
}

@inproceedings{stationary08,
 author = {Christopher Unkel and Monica S. Lam},
 title = {Automatic Inference of Stationary Fields: a Generalization of Java's Final Fields},
 booktitle = {POPL '08: Proceedings of the 35th annual ACM SIGPLAN-SIGACT symposium on Principles of Programming Languages},
 year = {2008},
 isbn = {978-1-59593-689-9},
 pages = {183--195},
 location = {San Francisco, California, USA},
 doi = {http://doi.acm.org/10.1145/1328438.1328463},
 publisher = {ACM},
 address = {New York, NY, USA},
}

@inproceedings{sgla08,
        author = {Vijay Menon and Steven Balensieger and Tatiana Shpeisman and Ali-Reza Adl-Tabatabai and Richard L. Hudson and Bratin Saha and Adam Welc},
        title = {{Practical Weak-Atomicity Semantics for Java STM}},
        booktitle = {SPAA '08: Proceedings of the 20th ACM Symposium on Parallel Algorithms and Architectures},
        year = {2008},
}

@TECHREPORT{parsec,
  author      = {Bienia, Christian and Kumar, Sanjeev and Singh, Jaswinder Pal and Li, Kai},
  title       = "The PARSEC Benchmark Suite: Characterization and Architectural Implications",
  number      = "TR-811-08,",
  institution = "Princeton University",
  year        = "2008",
  url         = "http://parsec.cs.princeton.edu/doc/parsec-report.pdf",
}

@incollection{baugh:hybrid:isca:2008,
  author	= {Baugh, Lee and Neelakantam, Naveen and Zilles, Craig},
  title		= {Using Hardware Memory Protection to Build a High-Performance,
               Strongly-Atomic Hybrid Transactional Memory},
  booktitle	= {Proceedings of the 35th Annual International Symposium on Computer Architecture},
  month		= {Jun},
  year		= {2008},
  pdf		= {http://www-sal.cs.uiuc.edu/~zilles/papers/ufo_hybridTM.isca2008.pdf}
}

@inproceedings{caominh:stamp:iiswc:2008,
    title     = {{STAMP}: Stanford Transactional Applications for Multi-Processing},
    author    = {Cao Minh, Chi and Chung, JaeWoong and Kozyrakis, Christos and Olukotun, Kunle},
    booktitle = {IISWC '08: Proceedings of The IEEE International Symposium on Workload Characterization},
    year      = {2008},
    month     = {September}
}

@techreport{spear:privatization:tr:2008,
    author      = {Spear, Michael F. and Marathe, Virendra J. and Dallesandro, Luke and Scott, Michael L.},
    title       = {Privatization Techniques for Software Transactional Memory},
    institution = {Computer Science Department, University of Rochester},
    number      = {TR915},
    type        = {Technical Report},
    month       = {February},
    year        = {2007},
    pdf         = {http://www.cs.rochester.edu/u/scott/papers/2007_TR915.pdf}
}

@inproceedings{carter:hash:stoc:1977,
    author    = {Carter, J. Lawrence and Wegman, Mark N.},
    title     = {Universal classes of hash functions (Extended Abstract)},
    booktitle = {STOC '77: Proceedings of the ninth annual ACM symposium on Theory of computing},
    year      = {1977},
    pages     = {106--112},
    location  = {Boulder, Colorado, United States},
    doi       = {http://doi.acm.org/10.1145/800105.803400},
    publisher = {ACM},
    address   = {New York, NY, USA},
}

@article{ramakrishna:hash:ieeetc:1997,
    author    = {Ramakrishna, M. V. and Fu, E. and Bahcekapili, E.},
    title     = {Efficient Hardware Hashing Functions for High Performance Computers},
    journal   = {IEEE Transactions on Computers},
    volume    = {46},
    number    = {12},
    year      = {1997},
    issn      = {0018-9340},
    pages     = {1378-1381},
    doi       = {http://doi.ieeecomputersociety.org/10.1109/12.641938},
    publisher = {IEEE Computer Society},
    address   = {Los Alamitos, CA, USA},
}

@ARTICLE{borkar:challenges:micro:1999,
    title={Design challenges of technology scaling},
    author={Borkar, Shekhar},
    journal={Micro, IEEE},
    year={1999},
    month={Jul-Aug},
    volume={19},
    number={4},
    pages={23-29},
    doi={10.1109/40.782564},
    ISSN={0272-1732},
}

@article{geer:multicore:ieeecomputer:2005,
    author = {David Geer},
    title = {Industry Trends: Chip Makers Turn to Multicore Processors},
    journal = {Computer},
    volume = {38},
    number = {5},
    year = {2005},
    issn = {0018-9162},
    pages = {11-13},
    doi = {http://doi.ieeecomputersociety.org/10.1109/MC.2005.160},
    publisher = {IEEE Computer Society},
    address = {Los Alamitos, CA, USA},
}

@inproceedings{cherum:inferring:pldi:2008,
     author = {Sigmund Cherem and Trishul Chilimbi and Sumit Gulwani},
     title = {Inferring locks for atomic sections},
     booktitle = {PLDI '08: Proceedings of the 2008 ACM SIGPLAN conference on Programming language design and implementation},
     year = {2008},
     isbn = {978-1-59593-860-2},
     pages = {304--315},
     location = {Tucson, AZ, USA},
     doi = {http://doi.acm.org/10.1145/1375581.1375619},
     publisher = {ACM},
     address = {New York, NY, USA},
}

@inproceedings{yoo:kicking:spaa:2008,
    author = {Richard M. Yoo and Yang Ni and Adam Welc and Bratin Saha and Ali-Reza Adl-Tabatabai and Hsien-Hsin S. Lee},
    title = {Kicking the tires of software transactional memory: why the going gets tough},
    booktitle = {SPAA '08: Proceedings of the 20th ACM Symposium on Parallelism in Algorithms and Architectures},
    year = {2008},
    isbn = {978-1-59593-973-9},
    pages = {265--274},
    location = {Munich, Germany},
    doi = {http://doi.acm.org/10.1145/1378533.1378582},
    publisher = {ACM},
    address = {New York, NY, USA},
}

@incollection{bobba:tokentm:isca:2008,
    author    = {Bobba, Jayaram and Goyal, Neelam and Hill, Mark D. and Swift, Michael M. and Wood, David A.},
    title     = {TokenTM: Efficient Execution of Large Transactions with Hardware Transactional Memory},
    booktitle = {Proceedings of the 35th Annual International Symposium on Computer Architecture},
    month     = {Jun},
    year      = {2008},
    pdf       = {http://www.cs.wisc.edu/multifacet/papers/isca08_tokentm.pdf}
}

@inproceedings{koskinen:checkpoints:spaa:2008,
    author = {Eric Koskinen and Maurice Herlihy},
    title = {Checkpoints and continuations instead of nested transactions},
    booktitle = {SPAA '08: Proceedings of the 20th ACM Symposium on Parallelism in Algorithms and Architectures},
    year = {2008},
    isbn = {978-1-59593-973-9},
    pages = {160--168},
    location = {Munich, Germany},
    doi = {http://doi.acm.org/10.1145/1378533.1378563},
    publisher = {ACM},
    address = {New York, NY, USA},
}

@incollection{chung:ased:spaa:2008,
  author        = {Chung, JaeWoong and Baek, Woongki and Bronson, Nathan Grasso and Seo, Jiwon and Kozyrakis, Christos and Olukotun, Kunle},
  title         = {ASeD:Availability, Security, and Debugging Support using Transactional Memory},
  booktitle     = {20th ACM Symposium on Parallelism in Algorithms and Architectures},
  month         = {Jun},
  year          = {2008}
}

@phdthesis{chung08system,
  author        = {Chung, JaeWoong},
  title         = {System Challenges and Opportunities for Transactional Memory},
  school        = {Stanford University},
  month         = {Jun},
  year          = {2008}
}

@InProceedings{DaCapo:paper,
  title={The {DaCapo} Benchmarks: {J}ava Benchmarking Development and Analysis},
  author={Blackburn, S. M. and Garner, R. and Hoffman, C. and Khan, A. M.
      and McKinley, K. S. and Bentzur, R. and Diwan, A. and Feinberg, D. 
      and Frampton, D. and Guyer, S. Z. and Hirzel, M. and Hosking, A.
      and Jump, M. and Lee, H. and Moss, J. E. B. and Phansalkar, A.
      and Stefanovi\'{c}, D. and {VanDrunen}, T. and von~Dincklage, D.
      and Wiedermann, B.},
  booktitle = {OOPSLA '06: Proceedings of the 21st annual ACM SIGPLAN conference on Object-Oriented Programing, Systems, Languages, and Applications},
  month = oct,
  year = {2006},
  pages = {169--190},
  location = {Portland, OR, USA},
  doi = {http://doi.acm.org/10.1145/1167473.1167488},
  publisher = {ACM Press},
  address = {New York, NY, USA},
}

@TechReport{DaCapo:TR,
  title={The {DaCapo} {Benchmarks}: {Java} Benchmarking Development and Analysis (Extended Version)},
  author={Blackburn, S. M. and Garner, R. and Hoffman, C. and Khan, A. M.
      and McKinley, K. S. and Bentzur, R. and Diwan, A. and Feinberg, D. 
      and Frampton, D. and Guyer, S. Z. and Hirzel, M. and Hosking, A.
      and Jump, M. and Lee, H. and Moss, J. E. B. and Phansalkar, A. 
      and Stefanovi\'{c}, D. 
      and {VanDrunen}, T. and von~Dincklage, D. and Wiedermann, B.},
  institution = ANU,
  number = {TR-CS-06-01},
  year = {2006},
  note = {http://www.dacapobench.org}
}

@inproceedings{biasedlocking,
 author = {Kenneth Russell and David Detlefs},
 title = {Eliminating synchronization-related atomic operations with biased locking and bulk rebiasing},
 booktitle = {OOPSLA '06: Proceedings of the 21st ACM SIGPLAN conference on Object-Oriented Programming Systems, Languages, and Applications},
 year = {2006},
 isbn = {1-59593-348-4},
 pages = {263--272},
 location = {Portland, Oregon, USA},
 doi = {http://doi.acm.org/10.1145/1167473.1167496},
 publisher = {ACM},
 address = {New York, NY, USA},
 }

@inproceedings{luchangco08against,
 author = {Victor Luchangco},
 title = {Against lock-based semantics for transactional memory},
 booktitle = {SPAA '08: Proceedings of the 20th ACM Symposium on Parallelism in Algorithms and Architectures},
 year = {2008},
 isbn = {978-1-59593-973-9},
 pages = {98--100},
 location = {Munich, Germany},
 doi = {http://doi.acm.org/10.1145/1378533.1378549},
 publisher = {ACM},
 address = {New York, NY, USA},
 }

@article{grossman07tmgc,
 author = {Dan Grossman},
 title = {The transactional memory / garbage collection analogy},
 journal = {SIGPLAN Not.},
 volume = {42},
 number = {10},
 year = {2007},
 issn = {0362-1340},
 pages = {695--706},
 doi = {http://doi.acm.org/10.1145/1297105.1297080},
 publisher = {ACM},
 address = {New York, NY, USA},
 }

@inproceedings{hotspot01,
 author = {Michael Paleczny and Christopher Vick and Cliff Click},
 title = {The {J}ava {HotSpot\texttrademark} {S}erver {C}ompiler},
 booktitle = {JVM '01: Proceedings of the Java\texttrademark Virtual Machine
   Research and Technology Symposium}, 
 year = {2001},
 location = {Monterey, California, USA},
 publisher = {USENIX},
 }

@article{bruneton2002acm,
  title={{ASM: a code manipulation tool to implement adaptable systems}},
  author={Bruneton, E. and Lenglet, R. and Coupaye, T.},
  journal={Adaptable and Extensible Component Systems},
  year={2002}
}

@inproceedings{riegel08partition,
 author = {Torvald Riegel and Christof Fetzer and Pascal Felber},
 title = {Automatic data partitioning in software transactional memories},
 booktitle = {SPAA '08: Proceedings of the 20th ACM Symposium on Parallelism in Algorithms and Architectures},
 year = {2008},
 isbn = {978-1-59593-973-9},
 pages = {152--159},
 location = {Munich, Germany},
 doi = {http://doi.acm.org/10.1145/1378533.1378562},
 publisher = {ACM},
 address = {New York, NY, USA},
 }

@inproceedings{herlihy03dynstm,
 author = {Maurice Herlihy and Victor Luchangco and Mark Moir and William N. Scherer, III},
 title = {Software transactional memory for dynamic-sized data structures},
 booktitle = {PODC '03: Proceedings of the 22nd annual symposium on Principles of distributed computing},
 year = {2003},
 isbn = {1-58113-708-7},
 pages = {92--101},
 location = {Boston, Massachusetts},
 doi = {http://doi.acm.org/10.1145/872035.872048},
 publisher = {ACM},
 address = {New York, NY, USA},
 }

@incollection{shriraman:flextm:isca:2008,
  author	= {Shriraman, Arrvindh and Dwarkadas, Sandhya and Scott, Michael L.},
  title		= {Flexible Decoupled Transactional Memory Support},
  booktitle	= {Proceedings of the 35th Annual International Symposium on Computer Architecture},
  month		= {Jun},
  year		= {2008},
  pdf		= {http://www.cs.rochester.edu/u/ashriram/papers/2008_ISCA_FlexTM.pdf},
}

@incollection{riegel:lsa:disc:2006,
  author	= {Riegel, Torvald and Felber, Pascal and Fetzer, Christof},
  editor	= {},
  title		= {A Lazy Snapshot Algorithm with Eager Validation},
  booktitle	= {Proceedings of the 20th International Symposium on Distributed Computing, {DISC} 2006},
  publisher	= {Springer},
  month		= {Sep},
  year		= {2006},
  volume	= {4167},
  isbn		= {3-540-44624-9},
  pages		= {284--298},
  series	= {Lecture Notes in Computer Science},
  urlpage	= {http://dx.doi.org/10.1007/11864219_20},
  pdf		= {http://se.inf.tu-dresden.de/papers/preprint-riegel2006lsa.pdf},
}

@inproceedings{riegel:lsart:spaa:2007,
  author	= {Riegel, Torvald and Fetzer, Christof and Felber, Pascal},
  booktitle	= {Proceedings of the 19th ACM Symposium on Parallelism in Algorithms and Architectures (SPAA) },
  month		= {Jun},
  title		= {Time-based Transactional Memory with Scalable Time Bases},
  year		= {2007},
  pdf		= {http://se.inf.tu-dresden.de/papers/preprint-riegel2007lsart.pdf},
  urlpage	= {http://doi.acm.org/10.1145/1248377.1248415}
}

@techreport{zeichick07barcelona,
  author      = {Alan Zeichick},
  title       = {{One, Two, Three, Four: A Sneak Peek Inside AMD's Forthcoming Quad-Core Processors}},
  institution = {AMD},
  month       = {January},
  year        = {2007},
  url         = {http://developer.amd.com/documentation/articles/pages/1182007108.aspx}
}

@phdthesis{caominh:designing-an-effective-hybrid-tm:dissertation:2008,
  author = {Cao Minh, Chi},
  title  = {Designing An Effective Hybrid Transactional Memory System},
  school = {Stanford University},
  month  = {Sept},
  year   = {2008}
}

@inproceedings{schneider08dynamic,
  author = {Florian T. Schneider and Vijay Menon and Tatiana Shpeisman and Ali-Reza Adl-Tabatabai},
  title = {Dynamic Optimization for Efficient Strong Atomicity},
  booktitle = {OOPSLA '08: Proceedings of the 23rd ACM SIGPLAN conference on Object-Oriented Programming Systems, Languages, and Applications},
  year = {2008},
  month = {October},
  isbn = {978-1-60558-215-3},
  location = {Nashville, Tennessee, USA},
  publisher = {ACM},
  address = {New York, NY, USA},
}

@inproceedings{koskinen08dreadlocks,
    author = {Eric Koskinen and Maurice Herlihy},
    title = {Dreadlocks: efficient deadlock detection},
    booktitle = {SPAA '08: Proceedings of the twentieth annual symposium on
        Parallelism in algorithms and architectures},
    year = {2008},
    isbn = {978-1-59593-973-9},
    pages = {297--303},
    location = {Munich, Germany},
    doi = {http://doi.acm.org/10.1145/1378533.1378585},
    publisher = {ACM},
    address = {New York, NY, USA},
}

@book{silberschatz05os, 
    title = {Operating System Concepts},
    author = {Abraham Silberschatz and Greg Gagne and Peter Baer Galvin},
    edition = {7},
    publisher = {Wiley},
    url =
    {http://www.amazon.com/Operating-System-Concepts-Windows-Update/dp/0471250600%3FSubscriptionId%3D13CT5CVB80YFWJEPWS02%26tag%3Dws%26linkCode%3Dxm2%26camp%3D2025%26creative%3D165953%26creativeASIN%3D0471250600},
    year = {2002},
    description = {Amazon.com: Operating System Concepts (Windows Xp Update):
        Abraham Silberschatz, Greg Gagne, Peter Baer Galvin: Books},
    ean = {9780471250609}, asin = {0471250600}, isbn = {0471250600}, dewey =
    {005.43},
    keywords = {book computer computing dinasour operating science systems } 
} 

@inproceedings{shiu01paralleldeadlock,
    author = {Pun H. Shiu and YuDong Tan and Vincent J. Mooney, III},
    title = {A novel parallel deadlock detection algorithm and architecture},
    booktitle = {CODES '01: Proceedings of the ninth international symposium on
        Hardware/software codesign},
    year = {2001},
    isbn = {1-58113-364-2},
    pages = {73--78},
    location = {Copenhagen, Denmark},
    doi = {http://doi.acm.org/10.1145/371636.371684},
    publisher = {ACM},
    address = {New York, NY, USA},
}

@article{xiao08noveldeadlock,
    author = {Xiang Xiao and Jaehwan John Lee},
    title = {A Novel O(1) Deadlock Detection Methodology for Multiunit Resource
        Systems and Its Hardware Implementation for System-on-Chip},
    journal ={IEEE Transactions on Parallel and Distributed Systems},
    volume = {19},
    number = {12},
    issn = {1045-9219},
    year = {2008},
    pages = {1657-1670},
    doi = {http://doi.ieeecomputersociety.org/10.1109/TPDS.2008.56},
    publisher = {IEEE Computer Society},
    address = {Los Alamitos, CA, USA},
}

@article{sprunt02pentium4,
    author = {Brinkley Sprunt},
    title = {Pentium 4 Performance-Monitoring Features},
    journal = {IEEE Micro},
    volume = {22},
    number = {4},
    year = {2002},
    issn = {0272-1732},
    pages = {72--82},
    doi = {http://dx.doi.org/10.1109/MM.2002.1028478},
    publisher = {IEEE Computer Society Press},
    address = {Los Alamitos, CA, USA},
}

@inproceedings{contreras05xscale,
    author = {Gilberto Contreras and Margaret Martonosi},
    title = {Power prediction for {I}ntel {XS}cale\textregistered processors using
        performance monitoring unit events},
    booktitle = {ISLPED '05: Proceedings of the 2005 international symposium on Low
        power electronics and design},
    year = {2005},
    isbn = {1-59593-137-6},
    pages = {221--226},
    location = {San Diego, CA, USA},
    doi = {http://doi.acm.org/10.1145/1077603.1077657},
    publisher = {ACM},
    address = {New York, NY, USA},
}

@inproceedings{yoo08ats,
    author = {Richard M. Yoo and Hsien-Hsin S. Lee},
    title = {Adaptive transaction scheduling for transactional memory
        systems},
    booktitle = {SPAA '08: Proceedings of the twentieth annual symposium
        on
            Parallelism in algorithms and architectures},
    year = {2008},
    isbn = {978-1-59593-973-9},
    pages = {169--178},
    location = {Munich, Germany},
    doi =
    {http://doi.acm.org/10.1145/1378533.1378564},
    publisher = {ACM},
    address = {New York, NY, USA},
}

@inproceedings{ansari::cc::europar08,
    author = {Mohammad Ansari and Christos Kotselidis and Kim Jarvis and Mikel
        Luj{\'a}n and Chris Kirkham and Ian Watson},
    title = {Advanced Concurrency Control for Transactional Memory
        using
            Transaction Commit Rate},
    booktitle = {EUROPAR '08: Proceedings of the 14th
        European Conference on
            Parallel Processing},
    year = {2008},
    month = {August},
    location = {Las Palmas, Gran
        Canaria},
    publisher = {LNCS, Springer}
}

@ARTICLE{tobagi75csma, 
    title={Packet Switching in Radio Channels: Part I--Carrier Sense Multiple-Access
        Modes and Their Throughput-Delay Characteristics}, 
    author={ Kleinrock, L. and Tobagi, F.}, 
    journal={Communications, IEEE Transactions on [legacy, pre - 1988]}, 
    year={1975}, 
    month={Dec}, 
    volume={23}, 
    number={12}, 
    pages={ 1400-1416}, 
    keywords={null Computer communications, Multiple-access communications, Packet
        switching, Radio communication}, 
    doi={}, 
    ISSN={0096-2244 }, 
}

@InProceedings{HerlihyLMS03,
		author = {M. Herlihy and V. Luchangco and M. Moir and W.N. Scherer},
		title = {Software Transactional Memory for Dynamic-sized Data Structures},
		booktitle = {Twenty-Second Annual ACM SIGACT-SIGOPS Symposium on Principles of Distributed Computing},
		year =	 2003,
		month =	 july,
}

@inproceedings{zilles06transact,
		author = {Craig Zilles and Lee Baugh},
		title = {Extending Hardware Transactional Memory to Support Nonbusy Waiting 
							and Nontransactional Actions},
		booktitle = {the 1st ACM SIGPLAN Workshop on Languages, Compilers, and Hardware Support for Transactional Computing},
		year = 2006,
}

@article{herlihy90linear,
    author = {Herlihy,, Maurice P. and Wing,, Jeannette M.},
    title = {Linearizability: a correctness condition for concurrent objects},
    journal = {ACM Trans. Program. Lang. Syst.},
    volume = {12},
    number = {3},
    year = {1990},
    issn = {0164-0925},
    pages = {463--492},
    doi = {http://doi.acm.org/10.1145/78969.78972},
    publisher = {ACM},
    address = {New York, NY, USA},
}

@inproceedings{agrawal08nested,
    author = {Agrawal,, Kunal and Fineman,, Jeremy T. and Sukha,, Jim},
    title = {Nested parallelism in transactional memory},
    booktitle = {PPoPP '08: Proceedings of the 13th ACM SIGPLAN Symposium on
        Principles and practice of parallel programming},
    year = {2008},
    isbn = {978-1-59593-795-7},
    pages = {163--174},
    location = {Salt Lake City, UT, USA},
    doi = {http://doi.acm.org/10.1145/1345206.1345232},
    publisher = {ACM},
    address = {New York, NY, USA},
}

@inproceedings{ramadan09xfork,
 author    = {Hany E. Ramadan and Emmett Witchel},
 title     = "{The Xfork in the Road to Coordinated Sibling Transactions}",
 booktitle = {The Fourth ACM SIGPLAN Workshop on Transactional Computing (TRANSACT 09)},
 month     = {February},
 year      = {2009},
 location  = {North Carolina, USA},
}

@article{blikberg05nested,
    author = {Blikberg, R. and Sorevik, T.},
    title = "{Load balancing and OpenMP implementation of nested parallelism}",
    journal = {Parallel Comput.},
    volume = {31},
    number = {10-12},
    year = {2005},
    issn = {0167-8191},
    pages = {984--998},
    doi = {http://dx.doi.org/10.1016/j.parco.2005.03.018},
    publisher = {Elsevier Science Publishers B. V.},
    address = {Amsterdam, The Netherlands, The Netherlands},
}

@inproceedings{harris07transact,
    author = {Tim Harris and Srdan Stipic},
    title = {Abstract Nested Transactions},
    booktitle = {Second {ACM} {SIGPLAN} Workshop on Transactional Computing},
    year = {2007},
    url = {http://www.cs.rochester.edu/meetings/TRANSACT07/}
}

@inproceedings{tanaka00ompnested,
    author = {Tanaka,, Yoshizumi and Taura,, Kenjiro and Sato,, Mitsuhisa and
        Yonezawa,, Akinori},
    title = "{Performance Evaluation of OpenMP Applications with Nested
        Parallelism}",
    booktitle = {LCR '00: Languages, Compilers, and Run-Time Systems for Scalable Computers},
    year = {2000},
    isbn = {3-540-41185-2},
    pages = {100--112},
    publisher = {Springer-Verlag},
    address = {London, UK},
}

@inproceedings{tuck08softsig,
    author = {Tuck,, James and Ahn,, Wonsun and Ceze,, Luis and Torrellas,, Josep},
    title = {SoftSig: software-exposed hardware signatures for code analysis and
        optimization},
    booktitle = {ASPLOS XIII: Proceedings of the 13th international conference on
        Architectural support for programming languages and operating systems},
    year = {2008},
    isbn = {978-1-59593-958-6},
    pages = {145--156},
    location = {Seattle, WA, USA},
    doi = {http://doi.acm.org/10.1145/1346281.1346300},
    publisher = {ACM},
    address = {New York, NY, USA},
}

@InProceedings{blumofe95cilk,
    author  = {Robert D. Blumofe and Christopher F. Joerg and Bradley C. Kuszmaul
        and Charles E. Leiserson and Keith H. Randall and Yuli Zhou},
    title    = {{Cilk}: An Efficient Multithreaded Runtime System},
    booktitle   = {Proceedings of the Fifth ACM SIGPLAN Symposium on Principles and
        Practice of Parallel Programming (PPoPP)},
    year     = {1995},
    month    = jul,
    day  = {19--21},
    address = {Santa Barbara, California},
    pages    = {207--216},
}

@inproceedings{volos09nepaltm,
    author    = {Haris Volos and Adam Welc and Ali-Reza Adl-Tabatabai and Tatiana
Shpeisman and Xinmin Tian and Ravi Narayanaswamy},
    title     = "{NePaLTM: Design and Implementation of Nested Parallelism for
Transactional Memory Systems}",
    booktitle = {ECOOP},
    year      = {2009},
}

@Manual{cilk532referencemanual,
    title    = {Cilk 5.4.6 Reference Manual},
    key  = {Supercomputing},
    organization    = {Supercomputing Technologies Group, Massachusetts Institute of
        Technology Laboratory for Computer Science},
    url  = {http://supertech.lcs.mit.edu/cilk/manual-5.4.6.pdf},
    year     = {2001},
    month    = nov,
}

@inproceedings{spear09comprehensive,
    author = {Spear, Michael F. and Dalessandro, Luke and Marathe, Virendra J. and Scott, Michael L.},
    title = {A comprehensive strategy for contention management in software transactional memory},
    booktitle = {PPoPP '09: Proceedings of the 14th ACM SIGPLAN symposium on Principles and practice of parallel programming},
    year = {2009},
    isbn = {978-1-60558-397-6},
    pages = {141--150},
    location = {Raleigh, NC, USA},
    doi = {http://doi.acm.org/10.1145/1504176.1504199},
    publisher = {ACM},
    address = {New York, NY, USA},
}

@inproceedings{rachid08model,
  author = {Guerraoui, Rachid and Henzinger, Thomas A. and Jobstmann, Barbara and Singh, Vasu},
  title = {Model checking transactional memories},
  booktitle = {PLDI '08: Proceedings of the 2008 ACM SIGPLAN conference on Programming language design and implementation},
  year = {2008},
  isbn = {978-1-59593-860-2},
  pages = {372--382},
  location = {Tucson, AZ, USA},
  doi = {http://doi.acm.org/10.1145/1375581.1375626},
  publisher = {ACM},
  address = {New York, NY, USA},
}

@incollection{cohen:verifying-correctness:fmcad:2007,
  author  = {Cohen, Ariel and O'Leary, John W. and Pnueli, Amir and Tuttle, Mark
    R. and Zuck, Lenore D.},
  title   = {Verifying Correctness of Transactional Memories},
  booktitle = {Proceedings of the 7th International Conference on Formal
    Methods in Computer-Aided Design (FMCAD)},
  pages   = {37--44},
  month   = {November},
  year    = {2007},
}

@article{oleary09model,
  author = {John O'Leary and Bratin Saha and Mark R. Tuttle},
  title = {Model Checking Transactional Memory with Spin},
  journal ={Distributed Computing Systems, International Conference on},
  volume = {0},
  year = {2009},
  issn = {1063-6927},
  pages = {335-342},
  doi = {http://doi.ieeecomputersociety.org/10.1109/ICDCS.2009.72},
  publisher = {IEEE Computer Society},
  address = {Los Alamitos, CA, USA},
}

@inproceedings{manovit06testing,
  author = {Manovit, Chaiyasit and Hangal, Sudheendra and Chafi, Hassan and
    McDonald, Austen and Kozyrakis, Christos and Olukotun, Kunle},
  title = {Testing implementations of transactional memory},
  booktitle = {PACT '06: Proceedings of the 15th international conference on
    Parallel architectures and compilation techniques},
  year = {2006},
  isbn = {1-59593-264-X},
  pages = {134--143},
  location = {Seattle, Washington, USA},
  doi = {http://doi.acm.org/10.1145/1152154.1152177},
  publisher = {ACM},
  address = {New York, NY, USA},
}

@misc{scala-lang,
 title = {{The Scala Programming Language}},
 howpublished = {\url{http://www.scala-lang.org}}
}

@book{godefroid96por,
  author = {Godefroid, Patrice},
  editor = {Leeuwen, J. van and Hartmanis, J. and Goos, G.},
  title = {Partial-Order Methods for the Verification of Concurrent Systems: An
    Approach to the State-Explosion Problem},
  year = {1996},
  isbn = {3540607617},
  publisher = {Springer-Verlag New York, Inc.},
  address = {Secaucus, NJ, USA},
}

@inproceedings{flanagan05dpor,
  author = {Flanagan, Cormac and Godefroid, Patrice},
  title = {Dynamic partial-order reduction for model checking software},
  booktitle = {POPL '05: Proceedings of the 32nd ACM SIGPLAN-SIGACT symposium on Principles of programming languages},
  year = {2005},
  isbn = {1-58113-830-X},
  pages = {110--121},
  location = {Long Beach, California, USA},
  doi = {http://doi.acm.org/10.1145/1040305.1040315},
  publisher = {ACM},
  address = {New York, NY, USA},
}

@book{lamport02tla,
  author    = {Leslie Lamport},
  title     = {Specifying Systems, The TLA+ Language and Tools for Hardware
    and Software Engineers},
  publisher = {Addison-Wesley},
  year      = {2002},
  isbn      = {0-3211-4306-X},
  bibsource = {DBLP, http://dblp.uni-trier.de}
}

@article{eswaran76consistency,
  author = {Eswaran, K. P. and Gray, J. N. and Lorie, R. A. and Traiger, I. L.},
  title = {The notions of consistency and predicate locks in a database system},
  journal = {Commun. ACM},
  volume = {19},
  number = {11},
  year = {1976},
  issn = {0001-0782},
  pages = {624--633},
  doi = {http://doi.acm.org/10.1145/360363.360369},
  publisher = {ACM},
  address = {New York, NY, USA},
}

@inproceedings{bronson09dbo,
  author = {Bronson, Nathan G. and Kozyrakis, Christos and Olukotun, Kunle},
  title = {Feedback-directed barrier optimization in a strongly isolated STM},
  booktitle = {POPL '09: Proceedings of the 36th annual ACM SIGPLAN-SIGACT
    symposium on Principles of programming languages},
  year = {2009},
  isbn = {978-1-60558-379-2},
  pages = {213--225},
  location = {Savannah, GA, USA},
  doi = {http://doi.acm.org/10.1145/1480881.1480909},
  publisher = {ACM},
  address = {New York, NY, USA},
}

@book{sparcv9,
  author = {SPARC International, Inc., CORPORATE},
  title = {The SPARC architecture manual (version 9)},
  year = {1994},
  isbn = {0-13-099227-5},
  publisher = {Prentice-Hall, Inc.},
  address = {Upper Saddle River, NJ, USA},
}

@article{lamport79consistency,
  author = {Lamport, L.},
  title = {How to Make a Multiprocessor Computer That Correctly Executes
    Multiprocess Progranm},
  journal = {IEEE Trans. Comput.},
  volume = {28},
  number = {9},
  year = {1979},
  issn = {0018-9340},
  pages = {690--691},
  doi = {http://dx.doi.org/10.1109/TC.1979.1675439},
  publisher = {IEEE Computer Society},
  address = {Washington, DC, USA},
}

@article{rajeev03checking,
  author = {Joshi, Rajeev and Lamport, Leslie and Matthews, John and Tasiran,
    Serdar and Tuttle, Mark and Yu, Yuan},
  title = {Checking Cache-Coherence Protocols with TLA+},
  journal = {Form. Methods Syst. Des.},
  volume = {22},
  number = {2},
  year = {2003},
  issn = {0925-9856},
  pages = {125--131},
  doi = {http://dx.doi.org/10.1023/A:1022969405325},
  publisher = {Kluwer Academic Publishers},
  address = {Hingham, MA, USA},
}

@misc{baek09nestm,
 author = {Baek, Woongki and Bronson, Nathan and Kozyrakis, Christos and
 Olukotun, Kunle},
 title = "{Implementing and Evaluating Nested Parallelism in Software
 Transactional Memory}",
 howpublished = {In Submission},
 year = 2009
}

@book{sping03holzmann,
  author = {Holzmann, Gerard},
  title = {Spin model checker, the: primer and reference manual},
  year = {2003},
  isbn = {0-321-22862-6},
  publisher = {Addison-Wesley Professional},
}

@book{silberschatz06db,
  author = {Silberschatz, Abraham and Korth, Henry and Sudarshan, S.},
  title = {Database Systems Concepts},
  year = {2006},
  isbn = {0072958863, 9780072958867},
  publisher = {McGraw-Hill, Inc.},
  address = {New York, NY, USA},
}

@inproceedings{dalessandro:strong:transact:2009,
  author  = {Dalessandro, Luke and Scott, Michael L.},
  title   = {Strong Isolation is a Weak Idea},
  booktitle = {TRANSACT~'09: 4th Workshop on Transactional Computing},
  pdf   = {http://transact09.cs.washington.edu/33_paper.pdf},
  year    = {2009},
  month   = {feb},
}

